%YAML 1.1
%TAG !u! tag:unity3d.com,2011:
--- !u!1 &241029092038500053
GameObject:
  m_ObjectHideFlags: 0
  m_CorrespondingSourceObject: {fileID: 0}
  m_PrefabInstance: {fileID: 0}
  m_PrefabAsset: {fileID: 0}
  serializedVersion: 6
  m_Component:
  - component: {fileID: 79932557163131983}
  m_Layer: 10
  m_Name: Side Spawn 1
  m_TagString: Untagged
  m_Icon: {fileID: 0}
  m_NavMeshLayer: 0
  m_StaticEditorFlags: 0
  m_IsActive: 1
--- !u!4 &79932557163131983
Transform:
  m_ObjectHideFlags: 0
  m_CorrespondingSourceObject: {fileID: 0}
  m_PrefabInstance: {fileID: 0}
  m_PrefabAsset: {fileID: 0}
  m_GameObject: {fileID: 241029092038500053}
  m_LocalRotation: {x: -0, y: -0.3915287, z: -0, w: 0.92016596}
  m_LocalPosition: {x: 12.2, y: 0, z: 6.09}
  m_LocalScale: {x: 1, y: 1, z: 1}
  m_Children: []
  m_Father: {fileID: 7564197041394415042}
  m_RootOrder: 0
  m_LocalEulerAnglesHint: {x: 0, y: -46.099003, z: 0}
--- !u!1 &692026776419806490
GameObject:
  m_ObjectHideFlags: 0
  m_CorrespondingSourceObject: {fileID: 0}
  m_PrefabInstance: {fileID: 0}
  m_PrefabAsset: {fileID: 0}
  serializedVersion: 6
  m_Component:
  - component: {fileID: 7564197041394415042}
  m_Layer: 10
  m_Name: Sides
  m_TagString: Untagged
  m_Icon: {fileID: 0}
  m_NavMeshLayer: 0
  m_StaticEditorFlags: 0
  m_IsActive: 1
--- !u!4 &7564197041394415042
Transform:
  m_ObjectHideFlags: 0
  m_CorrespondingSourceObject: {fileID: 0}
  m_PrefabInstance: {fileID: 0}
  m_PrefabAsset: {fileID: 0}
  m_GameObject: {fileID: 692026776419806490}
  m_LocalRotation: {x: 0, y: 0, z: 0, w: 1}
  m_LocalPosition: {x: 0, y: 0, z: 0}
  m_LocalScale: {x: 1, y: 1, z: 1}
  m_Children:
  - {fileID: 79932557163131983}
  - {fileID: 8606481882381600118}
  - {fileID: 3377518661743917820}
  - {fileID: 3370616339098810554}
  - {fileID: 1284855685740134639}
  - {fileID: 8446909386282772114}
  - {fileID: 281718754150519769}
  - {fileID: 2706266337407593515}
  m_Father: {fileID: 1215397565070282787}
  m_RootOrder: 2
  m_LocalEulerAnglesHint: {x: 0, y: 0, z: 0}
--- !u!1 &980468858664634943
GameObject:
  m_ObjectHideFlags: 0
  m_CorrespondingSourceObject: {fileID: 0}
  m_PrefabInstance: {fileID: 0}
  m_PrefabAsset: {fileID: 0}
  serializedVersion: 6
  m_Component:
  - component: {fileID: 2746473189928458744}
  m_Layer: 10
  m_Name: Center Spawn 6
  m_TagString: Untagged
  m_Icon: {fileID: 0}
  m_NavMeshLayer: 0
  m_StaticEditorFlags: 0
  m_IsActive: 1
--- !u!4 &2746473189928458744
Transform:
  m_ObjectHideFlags: 0
  m_CorrespondingSourceObject: {fileID: 0}
  m_PrefabInstance: {fileID: 0}
  m_PrefabAsset: {fileID: 0}
  m_GameObject: {fileID: 980468858664634943}
  m_LocalRotation: {x: 0, y: 0, z: 0, w: 1}
  m_LocalPosition: {x: -4.61, y: 0, z: -2.68}
  m_LocalScale: {x: 1, y: 1, z: 1}
  m_Children: []
  m_Father: {fileID: 1859314965858877177}
  m_RootOrder: 5
  m_LocalEulerAnglesHint: {x: 0, y: 0, z: 0}
--- !u!1 &1006310925081737540
GameObject:
  m_ObjectHideFlags: 0
  m_CorrespondingSourceObject: {fileID: 0}
  m_PrefabInstance: {fileID: 0}
  m_PrefabAsset: {fileID: 0}
  serializedVersion: 6
  m_Component:
  - component: {fileID: 1859314965858877177}
  m_Layer: 10
  m_Name: Center
  m_TagString: Untagged
  m_Icon: {fileID: 0}
  m_NavMeshLayer: 0
  m_StaticEditorFlags: 0
  m_IsActive: 1
--- !u!4 &1859314965858877177
Transform:
  m_ObjectHideFlags: 0
  m_CorrespondingSourceObject: {fileID: 0}
  m_PrefabInstance: {fileID: 0}
  m_PrefabAsset: {fileID: 0}
  m_GameObject: {fileID: 1006310925081737540}
  m_LocalRotation: {x: 0, y: 0, z: 0, w: 1}
  m_LocalPosition: {x: 0, y: 0, z: 0}
  m_LocalScale: {x: 1, y: 1, z: 1}
  m_Children:
  - {fileID: 5074676042016757900}
  - {fileID: 480684113032709617}
  - {fileID: 6942038550522841670}
  - {fileID: 8677778648723030002}
  - {fileID: 5667000518274285166}
  - {fileID: 2746473189928458744}
  m_Father: {fileID: 1215397565070282787}
  m_RootOrder: 0
  m_LocalEulerAnglesHint: {x: 0, y: 0, z: 0}
--- !u!1 &2661310336588193873
GameObject:
  m_ObjectHideFlags: 0
  m_CorrespondingSourceObject: {fileID: 0}
  m_PrefabInstance: {fileID: 0}
  m_PrefabAsset: {fileID: 0}
  serializedVersion: 6
  m_Component:
  - component: {fileID: 1215397565070282787}
  m_Layer: 10
  m_Name: room_stone_corridor01_EnemySpawnPositions
  m_TagString: Untagged
  m_Icon: {fileID: 0}
  m_NavMeshLayer: 0
  m_StaticEditorFlags: 0
  m_IsActive: 1
--- !u!4 &1215397565070282787
Transform:
  m_ObjectHideFlags: 0
  m_CorrespondingSourceObject: {fileID: 0}
  m_PrefabInstance: {fileID: 0}
  m_PrefabAsset: {fileID: 0}
  m_GameObject: {fileID: 2661310336588193873}
  m_LocalRotation: {x: -0, y: -0, z: -0, w: 1}
  m_LocalPosition: {x: 0, y: 0, z: 0}
  m_LocalScale: {x: 1, y: 1, z: 1}
  m_Children:
  - {fileID: 1859314965858877177}
  - {fileID: 3048246985456028120}
  - {fileID: 7564197041394415042}
  m_Father: {fileID: 0}
  m_RootOrder: 0
  m_LocalEulerAnglesHint: {x: 0, y: 0, z: 0}
--- !u!1 &3217173233609454820
GameObject:
  m_ObjectHideFlags: 0
  m_CorrespondingSourceObject: {fileID: 0}
  m_PrefabInstance: {fileID: 0}
  m_PrefabAsset: {fileID: 0}
  serializedVersion: 6
  m_Component:
  - component: {fileID: 6942038550522841670}
  m_Layer: 10
  m_Name: Center Spawn 3
  m_TagString: Untagged
  m_Icon: {fileID: 0}
  m_NavMeshLayer: 0
  m_StaticEditorFlags: 0
  m_IsActive: 1
--- !u!4 &6942038550522841670
Transform:
  m_ObjectHideFlags: 0
  m_CorrespondingSourceObject: {fileID: 0}
  m_PrefabInstance: {fileID: 0}
  m_PrefabAsset: {fileID: 0}
  m_GameObject: {fileID: 3217173233609454820}
  m_LocalRotation: {x: 0, y: -0.9211854, z: 0, w: 0.38912398}
  m_LocalPosition: {x: 0.19, y: 0, z: 3.49}
  m_LocalScale: {x: 1, y: 1, z: 1}
  m_Children: []
  m_Father: {fileID: 1859314965858877177}
  m_RootOrder: 2
  m_LocalEulerAnglesHint: {x: 0, y: -134.2, z: 0}
--- !u!1 &3331902451967220121
GameObject:
  m_ObjectHideFlags: 0
  m_CorrespondingSourceObject: {fileID: 0}
  m_PrefabInstance: {fileID: 0}
  m_PrefabAsset: {fileID: 0}
  serializedVersion: 6
  m_Component:
  - component: {fileID: 3370616339098810554}
  m_Layer: 10
  m_Name: Side Spawn 4
  m_TagString: Untagged
  m_Icon: {fileID: 0}
  m_NavMeshLayer: 0
  m_StaticEditorFlags: 0
  m_IsActive: 1
--- !u!4 &3370616339098810554
Transform:
  m_ObjectHideFlags: 0
  m_CorrespondingSourceObject: {fileID: 0}
  m_PrefabInstance: {fileID: 0}
  m_PrefabAsset: {fileID: 0}
  m_GameObject: {fileID: 3331902451967220121}
  m_LocalRotation: {x: -0, y: -0.9959257, z: -0, w: -0.09017771}
  m_LocalPosition: {x: -7.52, y: 0, z: -12.5}
  m_LocalScale: {x: 1, y: 1, z: 1}
  m_Children: []
  m_Father: {fileID: 7564197041394415042}
  m_RootOrder: 3
  m_LocalEulerAnglesHint: {x: 0, y: -190.34799, z: 0}
--- !u!1 &4003287713875280137
GameObject:
  m_ObjectHideFlags: 0
  m_CorrespondingSourceObject: {fileID: 0}
  m_PrefabInstance: {fileID: 0}
  m_PrefabAsset: {fileID: 0}
  serializedVersion: 6
  m_Component:
  - component: {fileID: 2706266337407593515}
  m_Layer: 10
  m_Name: Side Spawn 8
  m_TagString: Untagged
  m_Icon: {fileID: 0}
  m_NavMeshLayer: 0
  m_StaticEditorFlags: 0
  m_IsActive: 1
--- !u!4 &2706266337407593515
Transform:
  m_ObjectHideFlags: 0
  m_CorrespondingSourceObject: {fileID: 0}
  m_PrefabInstance: {fileID: 0}
  m_PrefabAsset: {fileID: 0}
  m_GameObject: {fileID: 4003287713875280137}
  m_LocalRotation: {x: -0, y: -0.3915287, z: -0, w: 0.92016596}
  m_LocalPosition: {x: 7.32, y: 0, z: 12.81}
  m_LocalScale: {x: 1, y: 1, z: 1}
  m_Children: []
  m_Father: {fileID: 7564197041394415042}
  m_RootOrder: 7
  m_LocalEulerAnglesHint: {x: 0, y: -46.099003, z: 0}
--- !u!1 &4719853563550201698
GameObject:
  m_ObjectHideFlags: 0
  m_CorrespondingSourceObject: {fileID: 0}
  m_PrefabInstance: {fileID: 0}
  m_PrefabAsset: {fileID: 0}
  serializedVersion: 6
  m_Component:
  - component: {fileID: 480684113032709617}
  m_Layer: 10
  m_Name: Center Spawn 2
  m_TagString: Untagged
  m_Icon: {fileID: 0}
  m_NavMeshLayer: 0
  m_StaticEditorFlags: 0
  m_IsActive: 1
--- !u!4 &480684113032709617
Transform:
  m_ObjectHideFlags: 0
  m_CorrespondingSourceObject: {fileID: 0}
  m_PrefabInstance: {fileID: 0}
  m_PrefabAsset: {fileID: 0}
  m_GameObject: {fileID: 4719853563550201698}
  m_LocalRotation: {x: -0, y: -0.9493981, z: 0, w: -0.31407514}
  m_LocalPosition: {x: 3.57, y: 0, z: -1.9}
  m_LocalScale: {x: 1, y: 1, z: 1}
  m_Children: []
  m_Father: {fileID: 1859314965858877177}
  m_RootOrder: 1
  m_LocalEulerAnglesHint: {x: 0, y: -216.61, z: 0}
--- !u!1 &4842970800528026875
GameObject:
  m_ObjectHideFlags: 0
  m_CorrespondingSourceObject: {fileID: 0}
  m_PrefabInstance: {fileID: 0}
  m_PrefabAsset: {fileID: 0}
  serializedVersion: 6
  m_Component:
  - component: {fileID: 281718754150519769}
  m_Layer: 10
  m_Name: Side Spawn 7
  m_TagString: Untagged
  m_Icon: {fileID: 0}
  m_NavMeshLayer: 0
  m_StaticEditorFlags: 0
  m_IsActive: 1
--- !u!4 &281718754150519769
Transform:
  m_ObjectHideFlags: 0
  m_CorrespondingSourceObject: {fileID: 0}
  m_PrefabInstance: {fileID: 0}
  m_PrefabAsset: {fileID: 0}
  m_GameObject: {fileID: 4842970800528026875}
  m_LocalRotation: {x: -0, y: -0.3915287, z: -0, w: 0.92016596}
  m_LocalPosition: {x: -5.34, y: 0, z: 11.74}
  m_LocalScale: {x: 1, y: 1, z: 1}
  m_Children: []
  m_Father: {fileID: 7564197041394415042}
  m_RootOrder: 6
  m_LocalEulerAnglesHint: {x: 0, y: -46.099003, z: 0}
--- !u!1 &4938594163148392662
GameObject:
  m_ObjectHideFlags: 0
  m_CorrespondingSourceObject: {fileID: 0}
  m_PrefabInstance: {fileID: 0}
  m_PrefabAsset: {fileID: 0}
  serializedVersion: 6
  m_Component:
  - component: {fileID: 8446909386282772114}
  m_Layer: 10
  m_Name: Side Spawn 6
  m_TagString: Untagged
  m_Icon: {fileID: 0}
  m_NavMeshLayer: 0
  m_StaticEditorFlags: 0
  m_IsActive: 1
--- !u!4 &8446909386282772114
Transform:
  m_ObjectHideFlags: 0
  m_CorrespondingSourceObject: {fileID: 0}
  m_PrefabInstance: {fileID: 0}
  m_PrefabAsset: {fileID: 0}
  m_GameObject: {fileID: 4938594163148392662}
  m_LocalRotation: {x: -0, y: -0.3915287, z: -0, w: 0.92016596}
  m_LocalPosition: {x: -11.8, y: 0, z: 2.56}
  m_LocalScale: {x: 1, y: 1, z: 1}
  m_Children: []
  m_Father: {fileID: 7564197041394415042}
  m_RootOrder: 5
  m_LocalEulerAnglesHint: {x: 0, y: -46.099003, z: 0}
--- !u!1 &5407026619178175373
GameObject:
  m_ObjectHideFlags: 0
  m_CorrespondingSourceObject: {fileID: 0}
  m_PrefabInstance: {fileID: 0}
  m_PrefabAsset: {fileID: 0}
  serializedVersion: 6
  m_Component:
  - component: {fileID: 7712533948436045445}
  m_Layer: 10
  m_Name: Corner Spawn 3
  m_TagString: Untagged
  m_Icon: {fileID: 0}
  m_NavMeshLayer: 0
  m_StaticEditorFlags: 0
  m_IsActive: 1
--- !u!4 &7712533948436045445
Transform:
  m_ObjectHideFlags: 0
  m_CorrespondingSourceObject: {fileID: 0}
  m_PrefabInstance: {fileID: 0}
  m_PrefabAsset: {fileID: 0}
  m_GameObject: {fileID: 5407026619178175373}
  m_LocalRotation: {x: 0, y: -0.32853702, z: 0, w: 0.9444911}
  m_LocalPosition: {x: -11.85, y: 0, z: -12.82}
  m_LocalScale: {x: 1, y: 1, z: 1}
  m_Children: []
  m_Father: {fileID: 3048246985456028120}
  m_RootOrder: 2
  m_LocalEulerAnglesHint: {x: 0, y: -38.36, z: 0}
--- !u!1 &5614643306866755363
GameObject:
  m_ObjectHideFlags: 0
  m_CorrespondingSourceObject: {fileID: 0}
  m_PrefabInstance: {fileID: 0}
  m_PrefabAsset: {fileID: 0}
  serializedVersion: 6
  m_Component:
  - component: {fileID: 4750303669312994911}
  m_Layer: 10
  m_Name: Corner Spawn 1
  m_TagString: Untagged
  m_Icon: {fileID: 0}
  m_NavMeshLayer: 0
  m_StaticEditorFlags: 0
  m_IsActive: 1
--- !u!4 &4750303669312994911
Transform:
  m_ObjectHideFlags: 0
  m_CorrespondingSourceObject: {fileID: 0}
  m_PrefabInstance: {fileID: 0}
  m_PrefabAsset: {fileID: 0}
  m_GameObject: {fileID: 5614643306866755363}
  m_LocalRotation: {x: -0, y: -0.9612617, z: -0, w: 0.27563742}
  m_LocalPosition: {x: 12.59, y: 0, z: 12.17}
  m_LocalScale: {x: 1, y: 1, z: 1}
  m_Children: []
  m_Father: {fileID: 3048246985456028120}
  m_RootOrder: 0
  m_LocalEulerAnglesHint: {x: 0, y: -148, z: 0}
--- !u!1 &6012479488064030013
GameObject:
  m_ObjectHideFlags: 0
  m_CorrespondingSourceObject: {fileID: 0}
  m_PrefabInstance: {fileID: 0}
  m_PrefabAsset: {fileID: 0}
  serializedVersion: 6
  m_Component:
  - component: {fileID: 5667000518274285166}
  m_Layer: 10
  m_Name: Center Spawn 5
  m_TagString: Untagged
  m_Icon: {fileID: 0}
  m_NavMeshLayer: 0
  m_StaticEditorFlags: 0
  m_IsActive: 1
--- !u!4 &5667000518274285166
Transform:
  m_ObjectHideFlags: 0
  m_CorrespondingSourceObject: {fileID: 0}
  m_PrefabInstance: {fileID: 0}
  m_PrefabAsset: {fileID: 0}
  m_GameObject: {fileID: 6012479488064030013}
  m_LocalRotation: {x: 0, y: -0.37622422, z: 0, w: 0.92652863}
  m_LocalPosition: {x: -4.48, y: 0, z: 2.51}
  m_LocalScale: {x: 1, y: 1, z: 1}
  m_Children: []
  m_Father: {fileID: 1859314965858877177}
  m_RootOrder: 4
  m_LocalEulerAnglesHint: {x: 0, y: -44.2, z: 0}
--- !u!1 &7415112004842726732
GameObject:
  m_ObjectHideFlags: 0
  m_CorrespondingSourceObject: {fileID: 0}
  m_PrefabInstance: {fileID: 0}
  m_PrefabAsset: {fileID: 0}
  serializedVersion: 6
  m_Component:
  - component: {fileID: 3377518661743917820}
  m_Layer: 10
  m_Name: Side Spawn 3
  m_TagString: Untagged
  m_Icon: {fileID: 0}
  m_NavMeshLayer: 0
  m_StaticEditorFlags: 0
  m_IsActive: 1
--- !u!4 &3377518661743917820
Transform:
  m_ObjectHideFlags: 0
  m_CorrespondingSourceObject: {fileID: 0}
  m_PrefabInstance: {fileID: 0}
  m_PrefabAsset: {fileID: 0}
  m_GameObject: {fileID: 7415112004842726732}
  m_LocalRotation: {x: -0, y: -0.67088985, z: -0, w: -0.74155706}
  m_LocalPosition: {x: 6.03, y: 0, z: -12.14}
  m_LocalScale: {x: 1, y: 1, z: 1}
  m_Children: []
  m_Father: {fileID: 7564197041394415042}
  m_RootOrder: 2
  m_LocalEulerAnglesHint: {x: 0, y: -275.728, z: 0}
--- !u!1 &7872373818498344913
GameObject:
  m_ObjectHideFlags: 0
  m_CorrespondingSourceObject: {fileID: 0}
  m_PrefabInstance: {fileID: 0}
  m_PrefabAsset: {fileID: 0}
  serializedVersion: 6
  m_Component:
  - component: {fileID: 3048246985456028120}
  m_Layer: 10
  m_Name: Corners
  m_TagString: Untagged
  m_Icon: {fileID: 0}
  m_NavMeshLayer: 0
  m_StaticEditorFlags: 0
  m_IsActive: 1
--- !u!4 &3048246985456028120
Transform:
  m_ObjectHideFlags: 0
  m_CorrespondingSourceObject: {fileID: 0}
  m_PrefabInstance: {fileID: 0}
  m_PrefabAsset: {fileID: 0}
  m_GameObject: {fileID: 7872373818498344913}
  m_LocalRotation: {x: 0, y: 0, z: 0, w: 1}
  m_LocalPosition: {x: 0, y: 0, z: 0}
  m_LocalScale: {x: 1, y: 1, z: 1}
  m_Children:
  - {fileID: 4750303669312994911}
  - {fileID: 4615573997572080759}
  - {fileID: 7712533948436045445}
  - {fileID: 8109196488049872183}
  m_Father: {fileID: 1215397565070282787}
  m_RootOrder: 1
  m_LocalEulerAnglesHint: {x: 0, y: 0, z: 0}
--- !u!1 &8399448599241020679
GameObject:
  m_ObjectHideFlags: 0
  m_CorrespondingSourceObject: {fileID: 0}
  m_PrefabInstance: {fileID: 0}
  m_PrefabAsset: {fileID: 0}
  serializedVersion: 6
  m_Component:
  - component: {fileID: 5074676042016757900}
  m_Layer: 10
  m_Name: Center Spawn 1
  m_TagString: Untagged
  m_Icon: {fileID: 0}
  m_NavMeshLayer: 0
  m_StaticEditorFlags: 0
  m_IsActive: 1
--- !u!4 &5074676042016757900
Transform:
  m_ObjectHideFlags: 0
  m_CorrespondingSourceObject: {fileID: 0}
  m_PrefabInstance: {fileID: 0}
  m_PrefabAsset: {fileID: 0}
  m_GameObject: {fileID: 8399448599241020679}
  m_LocalRotation: {x: -0, y: -0.7259609, z: -0, w: 0.687736}
  m_LocalPosition: {x: 3.61, y: 0, z: 2.08}
  m_LocalScale: {x: 1, y: 1, z: 1}
  m_Children: []
  m_Father: {fileID: 1859314965858877177}
  m_RootOrder: 0
  m_LocalEulerAnglesHint: {x: 0, y: -93.09801, z: 0}
--- !u!1 &8451653818023079420
GameObject:
  m_ObjectHideFlags: 0
  m_CorrespondingSourceObject: {fileID: 0}
  m_PrefabInstance: {fileID: 0}
  m_PrefabAsset: {fileID: 0}
  serializedVersion: 6
  m_Component:
  - component: {fileID: 4615573997572080759}
  m_Layer: 10
  m_Name: Corner Spawn 2
  m_TagString: Untagged
  m_Icon: {fileID: 0}
  m_NavMeshLayer: 0
  m_StaticEditorFlags: 0
  m_IsActive: 1
--- !u!4 &4615573997572080759
Transform:
  m_ObjectHideFlags: 0
  m_CorrespondingSourceObject: {fileID: 0}
  m_PrefabInstance: {fileID: 0}
  m_PrefabAsset: {fileID: 0}
  m_GameObject: {fileID: 8451653818023079420}
  m_LocalRotation: {x: 0, y: 0.26218915, z: 0, w: 0.96501654}
  m_LocalPosition: {x: 11.6, y: 0, z: -12.8}
  m_LocalScale: {x: 1, y: 1, z: 1}
  m_Children: []
  m_Father: {fileID: 3048246985456028120}
  m_RootOrder: 1
  m_LocalEulerAnglesHint: {x: 0, y: 30.4, z: 0}
--- !u!1 &8504606256219192464
GameObject:
  m_ObjectHideFlags: 0
  m_CorrespondingSourceObject: {fileID: 0}
  m_PrefabInstance: {fileID: 0}
  m_PrefabAsset: {fileID: 0}
  serializedVersion: 6
  m_Component:
  - component: {fileID: 8109196488049872183}
  m_Layer: 10
  m_Name: Corner Spawn 4
  m_TagString: Untagged
  m_Icon: {fileID: 0}
  m_NavMeshLayer: 0
  m_StaticEditorFlags: 0
  m_IsActive: 1
--- !u!4 &8109196488049872183
Transform:
  m_ObjectHideFlags: 0
  m_CorrespondingSourceObject: {fileID: 0}
  m_PrefabInstance: {fileID: 0}
  m_PrefabAsset: {fileID: 0}
  m_GameObject: {fileID: 8504606256219192464}
  m_LocalRotation: {x: 0, y: -0.32853702, z: 0, w: 0.9444911}
  m_LocalPosition: {x: -12.08, y: 0, z: 11.36}
  m_LocalScale: {x: 1, y: 1, z: 1}
  m_Children: []
  m_Father: {fileID: 3048246985456028120}
  m_RootOrder: 3
  m_LocalEulerAnglesHint: {x: 0, y: -38.36, z: 0}
--- !u!1 &8902267822780042574
GameObject:
  m_ObjectHideFlags: 0
  m_CorrespondingSourceObject: {fileID: 0}
  m_PrefabInstance: {fileID: 0}
  m_PrefabAsset: {fileID: 0}
  serializedVersion: 6
  m_Component:
  - component: {fileID: 8606481882381600118}
  m_Layer: 10
  m_Name: Side Spawn 2
  m_TagString: Untagged
  m_Icon: {fileID: 0}
  m_NavMeshLayer: 0
  m_StaticEditorFlags: 0
  m_IsActive: 1
--- !u!4 &8606481882381600118
Transform:
  m_ObjectHideFlags: 0
  m_CorrespondingSourceObject: {fileID: 0}
  m_PrefabInstance: {fileID: 0}
  m_PrefabAsset: {fileID: 0}
  m_GameObject: {fileID: 8902267822780042574}
  m_LocalRotation: {x: -0, y: -0.93451554, z: -0, w: -0.35592246}
  m_LocalPosition: {x: 12.42, y: 0, z: -6.96}
  m_LocalScale: {x: 1, y: 1, z: 1}
  m_Children: []
  m_Father: {fileID: 7564197041394415042}
  m_RootOrder: 1
  m_LocalEulerAnglesHint: {x: 0, y: -221.7, z: 0}
--- !u!1 &8930006187784719186
GameObject:
  m_ObjectHideFlags: 0
  m_CorrespondingSourceObject: {fileID: 0}
  m_PrefabInstance: {fileID: 0}
  m_PrefabAsset: {fileID: 0}
  serializedVersion: 6
  m_Component:
  - component: {fileID: 1284855685740134639}
  m_Layer: 10
  m_Name: Side Spawn 5
  m_TagString: Untagged
  m_Icon: {fileID: 0}
  m_NavMeshLayer: 0
  m_StaticEditorFlags: 0
  m_IsActive: 1
--- !u!4 &1284855685740134639
Transform:
  m_ObjectHideFlags: 0
  m_CorrespondingSourceObject: {fileID: 0}
  m_PrefabInstance: {fileID: 0}
  m_PrefabAsset: {fileID: 0}
  m_GameObject: {fileID: 8930006187784719186}
  m_LocalRotation: {x: 0, y: -0.98540795, z: 0, w: 0.17020953}
  m_LocalPosition: {x: -12.17, y: 0, z: -6.49}
  m_LocalScale: {x: 1, y: 1, z: 1}
  m_Children: []
  m_Father: {fileID: 7564197041394415042}
  m_RootOrder: 4
  m_LocalEulerAnglesHint: {x: 0, y: -160.4, z: 0}
--- !u!1 &8978638047057616431
GameObject:
  m_ObjectHideFlags: 0
  m_CorrespondingSourceObject: {fileID: 0}
  m_PrefabInstance: {fileID: 0}
  m_PrefabAsset: {fileID: 0}
  serializedVersion: 6
  m_Component:
  - component: {fileID: 8677778648723030002}
  m_Layer: 10
  m_Name: Center Spawn 4
  m_TagString: Untagged
  m_Icon: {fileID: 0}
  m_NavMeshLayer: 0
  m_StaticEditorFlags: 0
  m_IsActive: 1
--- !u!4 &8677778648723030002
Transform:
  m_ObjectHideFlags: 0
  m_CorrespondingSourceObject: {fileID: 0}
  m_PrefabInstance: {fileID: 0}
  m_PrefabAsset: {fileID: 0}
  m_GameObject: {fileID: 8978638047057616431}
  m_LocalRotation: {x: -0, y: -0.67088985, z: -0, w: -0.74155706}
  m_LocalPosition: {x: 0.04, y: 0, z: -3.8}
  m_LocalScale: {x: 1, y: 1, z: 1}
  m_Children: []
  m_Father: {fileID: 1859314965858877177}
  m_RootOrder: 3
  m_LocalEulerAnglesHint: {x: 0, y: -275.728, z: 0}
