%YAML 1.1
%TAG !u! tag:unity3d.com,2011:
--- !u!1 &50314999181644254
GameObject:
  m_ObjectHideFlags: 0
  m_CorrespondingSourceObject: {fileID: 0}
  m_PrefabInstance: {fileID: 0}
  m_PrefabAsset: {fileID: 0}
  serializedVersion: 6
  m_Component:
  - component: {fileID: 7341146666817239953}
  m_Layer: 8
  m_Name: QuickRigCharacter_LeftForeArm
  m_TagString: Untagged
  m_Icon: {fileID: 0}
  m_NavMeshLayer: 0
  m_StaticEditorFlags: 0
  m_IsActive: 1
--- !u!4 &7341146666817239953
Transform:
  m_ObjectHideFlags: 0
  m_CorrespondingSourceObject: {fileID: 0}
  m_PrefabInstance: {fileID: 0}
  m_PrefabAsset: {fileID: 0}
  m_GameObject: {fileID: 50314999181644254}
  m_LocalRotation: {x: -0.0000034099305, y: 0.00004199219, z: -0.08262236, w: 0.99658096}
  m_LocalPosition: {x: -0.30794096, y: 0.0000034455236, z: -0.0000007313632}
  m_LocalScale: {x: 1, y: 1, z: 1}
  m_Children:
  - {fileID: 8636213335127387273}
  m_Father: {fileID: 5684713304279717058}
  m_RootOrder: 0
  m_LocalEulerAnglesHint: {x: 0, y: 0, z: 0}
--- !u!1 &494596641340742082
GameObject:
  m_ObjectHideFlags: 0
  m_CorrespondingSourceObject: {fileID: 0}
  m_PrefabInstance: {fileID: 0}
  m_PrefabAsset: {fileID: 0}
  serializedVersion: 6
  m_Component:
  - component: {fileID: 2114467054571781815}
  m_Layer: 8
  m_Name: QuickRigCharacter_Ctrl_LeftHipEffector
  m_TagString: Untagged
  m_Icon: {fileID: 0}
  m_NavMeshLayer: 0
  m_StaticEditorFlags: 0
  m_IsActive: 1
--- !u!4 &2114467054571781815
Transform:
  m_ObjectHideFlags: 0
  m_CorrespondingSourceObject: {fileID: 0}
  m_PrefabInstance: {fileID: 0}
  m_PrefabAsset: {fileID: 0}
  m_GameObject: {fileID: 494596641340742082}
  m_LocalRotation: {x: -0.0015211585, y: -0.008734223, z: -0.045637127, w: 0.9989188}
  m_LocalPosition: {x: -0.08767787, y: 0.91305465, z: -0.05941593}
  m_LocalScale: {x: 1, y: 1, z: 1}
  m_Children: []
  m_Father: {fileID: 5638041285003402585}
  m_RootOrder: 8
  m_LocalEulerAnglesHint: {x: 0, y: 0, z: 0}
--- !u!1 &731658263534966049
GameObject:
  m_ObjectHideFlags: 0
  m_CorrespondingSourceObject: {fileID: 0}
  m_PrefabInstance: {fileID: 0}
  m_PrefabAsset: {fileID: 0}
  serializedVersion: 6
  m_Component:
  - component: {fileID: 7386199033204622798}
  m_Layer: 8
  m_Name: QuickRigCharacter_Ctrl_Head
  m_TagString: Untagged
  m_Icon: {fileID: 0}
  m_NavMeshLayer: 0
  m_StaticEditorFlags: 0
  m_IsActive: 1
--- !u!4 &7386199033204622798
Transform:
  m_ObjectHideFlags: 0
  m_CorrespondingSourceObject: {fileID: 0}
  m_PrefabInstance: {fileID: 0}
  m_PrefabAsset: {fileID: 0}
  m_GameObject: {fileID: 731658263534966049}
  m_LocalRotation: {x: 1.4163847e-16, y: 2.7415802e-32, z: -1.110223e-16, w: 1}
  m_LocalPosition: {x: 1.7347234e-20, y: 0.10724563, z: 0.023514595}
  m_LocalScale: {x: 1, y: 1, z: 1}
  m_Children: []
  m_Father: {fileID: 1203578334181385059}
  m_RootOrder: 0
  m_LocalEulerAnglesHint: {x: 0, y: 0, z: 0}
--- !u!1 &971618312802204575
GameObject:
  m_ObjectHideFlags: 0
  m_CorrespondingSourceObject: {fileID: 0}
  m_PrefabInstance: {fileID: 0}
  m_PrefabAsset: {fileID: 0}
  serializedVersion: 6
  m_Component:
  - component: {fileID: 362332783461463116}
  m_Layer: 8
  m_Name: QuickRigCharacter_Ctrl_LeftFoot
  m_TagString: Untagged
  m_Icon: {fileID: 0}
  m_NavMeshLayer: 0
  m_StaticEditorFlags: 0
  m_IsActive: 1
--- !u!4 &362332783461463116
Transform:
  m_ObjectHideFlags: 0
  m_CorrespondingSourceObject: {fileID: 0}
  m_PrefabInstance: {fileID: 0}
  m_PrefabAsset: {fileID: 0}
  m_GameObject: {fileID: 971618312802204575}
  m_LocalRotation: {x: -0.05548381, y: 0.013540366, z: 0.05895713, w: 0.9966255}
  m_LocalPosition: {x: 1.7763568e-17, y: -0.4168092, z: -2.220446e-18}
  m_LocalScale: {x: 1, y: 1, z: 1}
  m_Children:
  - {fileID: 8883984286999309632}
  m_Father: {fileID: 1421163518313300193}
  m_RootOrder: 0
  m_LocalEulerAnglesHint: {x: 0, y: 0, z: 0}
--- !u!1 &1018915630014648304
GameObject:
  m_ObjectHideFlags: 0
  m_CorrespondingSourceObject: {fileID: 0}
  m_PrefabInstance: {fileID: 0}
  m_PrefabAsset: {fileID: 0}
  serializedVersion: 6
  m_Component:
  - component: {fileID: 6463950760135153013}
  - component: {fileID: 8263520364022160288}
  - component: {fileID: 364669340909711090}
  m_Layer: 17
  m_Name: SwipeAttack
  m_TagString: Untagged
  m_Icon: {fileID: 0}
  m_NavMeshLayer: 0
  m_StaticEditorFlags: 0
  m_IsActive: 1
--- !u!4 &6463950760135153013
Transform:
  m_ObjectHideFlags: 0
  m_CorrespondingSourceObject: {fileID: 0}
  m_PrefabInstance: {fileID: 0}
  m_PrefabAsset: {fileID: 0}
  m_GameObject: {fileID: 1018915630014648304}
  m_LocalRotation: {x: 0, y: 0, z: 0, w: 1}
  m_LocalPosition: {x: 0, y: 0.473, z: 0.541}
  m_LocalScale: {x: 1, y: 1, z: 1}
  m_Children: []
  m_Father: {fileID: 1766801496930772592}
  m_RootOrder: 1
  m_LocalEulerAnglesHint: {x: 0, y: 0, z: 0}
--- !u!65 &8263520364022160288
BoxCollider:
  m_ObjectHideFlags: 0
  m_CorrespondingSourceObject: {fileID: 0}
  m_PrefabInstance: {fileID: 0}
  m_PrefabAsset: {fileID: 0}
  m_GameObject: {fileID: 1018915630014648304}
  m_Material: {fileID: 0}
  m_IsTrigger: 1
  m_Enabled: 1
  serializedVersion: 2
  m_Size: {x: 1.29, y: 0.65, z: 1.3253201}
  m_Center: {x: 0, y: 0, z: 0.16266006}
--- !u!114 &364669340909711090
MonoBehaviour:
  m_ObjectHideFlags: 0
  m_CorrespondingSourceObject: {fileID: 0}
  m_PrefabInstance: {fileID: 0}
  m_PrefabAsset: {fileID: 0}
  m_GameObject: {fileID: 1018915630014648304}
  m_Enabled: 1
  m_EditorHideFlags: 0
  m_Script: {fileID: 11500000, guid: 08bb2a018d74f0345985ace6778950d4, type: 3}
  m_Name: 
  m_EditorClassIdentifier: 
  damage: 20
  knockBackSpeed: 20
  stunTime: 0.25
  speed: 1
  hitVFX: {fileID: 216169479397742401}
--- !u!1 &1082997789972258542
GameObject:
  m_ObjectHideFlags: 0
  m_CorrespondingSourceObject: {fileID: 0}
  m_PrefabInstance: {fileID: 0}
  m_PrefabAsset: {fileID: 0}
  serializedVersion: 6
  m_Component:
  - component: {fileID: 5400472124328186517}
  m_Layer: 8
  m_Name: QuickRigCharacter_Ctrl_RightAnkleEffector
  m_TagString: Untagged
  m_Icon: {fileID: 0}
  m_NavMeshLayer: 0
  m_StaticEditorFlags: 0
  m_IsActive: 1
--- !u!4 &5400472124328186517
Transform:
  m_ObjectHideFlags: 0
  m_CorrespondingSourceObject: {fileID: 0}
  m_PrefabInstance: {fileID: 0}
  m_PrefabAsset: {fileID: 0}
  m_GameObject: {fileID: 1082997789972258542}
  m_LocalRotation: {x: 0.0005509034, y: -0.021770911, z: -0.016253728, w: 0.99963075}
  m_LocalPosition: {x: 0.16083294, y: 0.105353355, z: -0.10388518}
  m_LocalScale: {x: 1, y: 1, z: 1}
  m_Children: []
  m_Father: {fileID: 5638041285003402585}
  m_RootOrder: 12
  m_LocalEulerAnglesHint: {x: 0, y: 0, z: 0}
--- !u!1 &1131399054341034203
GameObject:
  m_ObjectHideFlags: 0
  m_CorrespondingSourceObject: {fileID: 0}
  m_PrefabInstance: {fileID: 0}
  m_PrefabAsset: {fileID: 0}
  serializedVersion: 6
  m_Component:
  - component: {fileID: 5960643821610342631}
  m_Layer: 8
  m_Name: QuickRigCharacter_Ctrl_RightUpLeg
  m_TagString: Untagged
  m_Icon: {fileID: 0}
  m_NavMeshLayer: 0
  m_StaticEditorFlags: 0
  m_IsActive: 1
--- !u!4 &5960643821610342631
Transform:
  m_ObjectHideFlags: 0
  m_CorrespondingSourceObject: {fileID: 0}
  m_PrefabInstance: {fileID: 0}
  m_PrefabAsset: {fileID: 0}
  m_GameObject: {fileID: 1131399054341034203}
  m_LocalRotation: {x: -0.0015150747, y: 0.008735218, z: 0.045638032, w: 0.9989187}
  m_LocalPosition: {x: 0.08767787, y: -0.04221489, z: 0.00020332336}
  m_LocalScale: {x: 1, y: 1, z: 1}
  m_Children:
  - {fileID: 7086520943386688821}
  m_Father: {fileID: 8004519502596862452}
  m_RootOrder: 1
  m_LocalEulerAnglesHint: {x: 0, y: 0, z: 0}
--- !u!1 &1133897579706490864
GameObject:
  m_ObjectHideFlags: 0
  m_CorrespondingSourceObject: {fileID: 0}
  m_PrefabInstance: {fileID: 0}
  m_PrefabAsset: {fileID: 0}
  serializedVersion: 6
  m_Component:
  - component: {fileID: 6873940143589045037}
  m_Layer: 8
  m_Name: QuickRigCharacter_Ctrl_RightHand
  m_TagString: Untagged
  m_Icon: {fileID: 0}
  m_NavMeshLayer: 0
  m_StaticEditorFlags: 0
  m_IsActive: 1
--- !u!4 &6873940143589045037
Transform:
  m_ObjectHideFlags: 0
  m_CorrespondingSourceObject: {fileID: 0}
  m_PrefabInstance: {fileID: 0}
  m_PrefabAsset: {fileID: 0}
  m_GameObject: {fileID: 1133897579706490864}
  m_LocalRotation: {x: -0.00000013699011, y: 0.0000008266186, z: 0.0000010366158,
    w: 1}
  m_LocalPosition: {x: 0.30235842, y: -2.842171e-16, z: 0}
  m_LocalScale: {x: 1, y: 1, z: 1}
  m_Children: []
  m_Father: {fileID: 35340030259672013}
  m_RootOrder: 0
  m_LocalEulerAnglesHint: {x: 0, y: 0, z: 0}
--- !u!1 &1332568987923212396
GameObject:
  m_ObjectHideFlags: 0
  m_CorrespondingSourceObject: {fileID: 0}
  m_PrefabInstance: {fileID: 0}
  m_PrefabAsset: {fileID: 0}
  serializedVersion: 6
  m_Component:
  - component: {fileID: 1710688543033781341}
  m_Layer: 8
  m_Name: QuickRigCharacter_Ctrl_RightKneeEffector
  m_TagString: Untagged
  m_Icon: {fileID: 0}
  m_NavMeshLayer: 0
  m_StaticEditorFlags: 0
  m_IsActive: 1
--- !u!4 &1710688543033781341
Transform:
  m_ObjectHideFlags: 0
  m_CorrespondingSourceObject: {fileID: 0}
  m_PrefabInstance: {fileID: 0}
  m_PrefabAsset: {fileID: 0}
  m_GameObject: {fileID: 1332568987923212396}
  m_LocalRotation: {x: 0.054950897, y: -0.0090846615, z: 0.04396853, w: 0.99747914}
  m_LocalPosition: {x: 0.12385618, y: 0.5180338, z: -0.05852552}
  m_LocalScale: {x: 1, y: 1, z: 1}
  m_Children: []
  m_Father: {fileID: 5638041285003402585}
  m_RootOrder: 16
  m_LocalEulerAnglesHint: {x: 0, y: 0, z: 0}
--- !u!1 &1493634785490166084
GameObject:
  m_ObjectHideFlags: 0
  m_CorrespondingSourceObject: {fileID: 0}
  m_PrefabInstance: {fileID: 0}
  m_PrefabAsset: {fileID: 0}
  serializedVersion: 6
  m_Component:
  - component: {fileID: 1241404057718194108}
  m_Layer: 8
  m_Name: QuickRigCharacter_Ctrl_RightToeBase
  m_TagString: Untagged
  m_Icon: {fileID: 0}
  m_NavMeshLayer: 0
  m_StaticEditorFlags: 0
  m_IsActive: 1
--- !u!4 &1241404057718194108
Transform:
  m_ObjectHideFlags: 0
  m_CorrespondingSourceObject: {fileID: 0}
  m_PrefabInstance: {fileID: 0}
  m_PrefabAsset: {fileID: 0}
  m_GameObject: {fileID: 1493634785490166084}
  m_LocalRotation: {x: 3.469142e-32, y: -0, z: -1.2246469e-16, w: 1}
  m_LocalPosition: {x: 0.000010585784, y: -0.09435729, z: 0.12638634}
  m_LocalScale: {x: 1, y: 1, z: 1}
  m_Children: []
  m_Father: {fileID: 8060994718200400262}
  m_RootOrder: 0
  m_LocalEulerAnglesHint: {x: 0, y: 0, z: 0}
--- !u!1 &1500986680627676851
GameObject:
  m_ObjectHideFlags: 0
  m_CorrespondingSourceObject: {fileID: 0}
  m_PrefabInstance: {fileID: 0}
  m_PrefabAsset: {fileID: 0}
  serializedVersion: 6
  m_Component:
  - component: {fileID: 8004519502596862452}
  m_Layer: 8
  m_Name: QuickRigCharacter_Ctrl_Hips
  m_TagString: Untagged
  m_Icon: {fileID: 0}
  m_NavMeshLayer: 0
  m_StaticEditorFlags: 0
  m_IsActive: 1
--- !u!4 &8004519502596862452
Transform:
  m_ObjectHideFlags: 0
  m_CorrespondingSourceObject: {fileID: 0}
  m_PrefabInstance: {fileID: 0}
  m_PrefabAsset: {fileID: 0}
  m_GameObject: {fileID: 1500986680627676851}
  m_LocalRotation: {x: 1.4163847e-16, y: 2.7415802e-32, z: -1.110223e-16, w: 1}
  m_LocalPosition: {x: -0, y: 0.9552695, z: -0.059619255}
  m_LocalScale: {x: 1, y: 1, z: 1}
  m_Children:
  - {fileID: 8608813189409376931}
  - {fileID: 5960643821610342631}
  - {fileID: 2571737582547445281}
  m_Father: {fileID: 5638041285003402585}
  m_RootOrder: 3
  m_LocalEulerAnglesHint: {x: 0, y: 0, z: 0}
--- !u!1 &1577500773676911924
GameObject:
  m_ObjectHideFlags: 0
  m_CorrespondingSourceObject: {fileID: 0}
  m_PrefabInstance: {fileID: 0}
  m_PrefabAsset: {fileID: 0}
  serializedVersion: 6
  m_Component:
  - component: {fileID: 8883984286999309632}
  m_Layer: 8
  m_Name: QuickRigCharacter_Ctrl_LeftToeBase
  m_TagString: Untagged
  m_Icon: {fileID: 0}
  m_NavMeshLayer: 0
  m_StaticEditorFlags: 0
  m_IsActive: 1
--- !u!4 &8883984286999309632
Transform:
  m_ObjectHideFlags: 0
  m_CorrespondingSourceObject: {fileID: 0}
  m_PrefabInstance: {fileID: 0}
  m_PrefabAsset: {fileID: 0}
  m_GameObject: {fileID: 1577500773676911924}
  m_LocalRotation: {x: 3.469142e-32, y: -0, z: -1.2246469e-16, w: 1}
  m_LocalPosition: {x: -0.000000076293944, y: -0.09435729, z: 0.12638634}
  m_LocalScale: {x: 1, y: 1, z: 1}
  m_Children: []
  m_Father: {fileID: 362332783461463116}
  m_RootOrder: 0
  m_LocalEulerAnglesHint: {x: 0, y: 0, z: 0}
--- !u!1 &1766801496930772605
GameObject:
  m_ObjectHideFlags: 0
  m_CorrespondingSourceObject: {fileID: 0}
  m_PrefabInstance: {fileID: 0}
  m_PrefabAsset: {fileID: 0}
  serializedVersion: 6
  m_Component:
  - component: {fileID: 1766801496930772592}
  - component: {fileID: 2368233212541463570}
  - component: {fileID: 4571767895816791143}
  - component: {fileID: 3788952729346400858}
  - component: {fileID: 8276573659030198737}
  - component: {fileID: 8619565092419322107}
  - component: {fileID: 6678340863421775555}
  - component: {fileID: 6889150085532314298}
  - component: {fileID: -3880893986716380659}
  - component: {fileID: 3988271012459163534}
  m_Layer: 17
  m_Name: Steamon
  m_TagString: Enemy
  m_Icon: {fileID: 0}
  m_NavMeshLayer: 0
  m_StaticEditorFlags: 0
  m_IsActive: 1
--- !u!4 &1766801496930772592
Transform:
  m_ObjectHideFlags: 0
  m_CorrespondingSourceObject: {fileID: 0}
  m_PrefabInstance: {fileID: 0}
  m_PrefabAsset: {fileID: 0}
  m_GameObject: {fileID: 1766801496930772605}
  m_LocalRotation: {x: 0, y: 0, z: 0, w: 1}
  m_LocalPosition: {x: 2.99, y: 0, z: 0}
  m_LocalScale: {x: 1, y: 1, z: 1}
  m_Children:
  - {fileID: 6770330954764785056}
  - {fileID: 6463950760135153013}
  - {fileID: 2587968986727651235}
  m_Father: {fileID: 0}
  m_RootOrder: 0
  m_LocalEulerAnglesHint: {x: 0, y: 0, z: 0}
--- !u!54 &2368233212541463570
Rigidbody:
  m_ObjectHideFlags: 0
  m_CorrespondingSourceObject: {fileID: 0}
  m_PrefabInstance: {fileID: 0}
  m_PrefabAsset: {fileID: 0}
  m_GameObject: {fileID: 1766801496930772605}
  serializedVersion: 2
  m_Mass: 1
  m_Drag: 0
  m_AngularDrag: 0.05
  m_UseGravity: 1
  m_IsKinematic: 1
  m_Interpolate: 0
  m_Constraints: 0
  m_CollisionDetection: 0
--- !u!136 &4571767895816791143
CapsuleCollider:
  m_ObjectHideFlags: 0
  m_CorrespondingSourceObject: {fileID: 0}
  m_PrefabInstance: {fileID: 0}
  m_PrefabAsset: {fileID: 0}
  m_GameObject: {fileID: 1766801496930772605}
  m_Material: {fileID: 0}
  m_IsTrigger: 0
  m_Enabled: 1
  m_Radius: 0.4
  m_Height: 1.9162121
  m_Direction: 1
  m_Center: {x: 0, y: 0.43164396, z: 0}
--- !u!195 &3788952729346400858
NavMeshAgent:
  m_ObjectHideFlags: 0
  m_CorrespondingSourceObject: {fileID: 0}
  m_PrefabInstance: {fileID: 0}
  m_PrefabAsset: {fileID: 0}
  m_GameObject: {fileID: 1766801496930772605}
  m_Enabled: 1
  m_AgentTypeID: 0
  m_Radius: 0.75
  m_Speed: 10
  m_Acceleration: 20
  avoidancePriority: 50
  m_AngularSpeed: 0
  m_StoppingDistance: 2
  m_AutoTraverseOffMeshLink: 1
  m_AutoBraking: 1
  m_AutoRepath: 1
  m_Height: 1
  m_BaseOffset: 0.5
  m_WalkableMask: 4294967295
  m_ObstacleAvoidanceType: 4
--- !u!114 &8276573659030198737
MonoBehaviour:
  m_ObjectHideFlags: 0
  m_CorrespondingSourceObject: {fileID: 0}
  m_PrefabInstance: {fileID: 0}
  m_PrefabAsset: {fileID: 0}
  m_GameObject: {fileID: 1766801496930772605}
  m_Enabled: 1
  m_EditorHideFlags: 0
  m_Script: {fileID: 11500000, guid: 85d07269edc518f459aa06d673fc2a39, type: 3}
  m_Name: 
  m_EditorClassIdentifier: 
  enemyDeath:
    m_PersistentCalls:
      m_Calls: []
    m_TypeName: UnityEngine.Events.UnityEvent, UnityEngine.CoreModule, Version=0.0.0.0,
      Culture=neutral, PublicKeyToken=null
  healOrb: {fileID: 6592852953728781393, guid: 6be5d60fc2b89cc4ead9b244a8f93f77, type: 3}
  percentChanceHealOrbSpawns: 20
  healOrbspawnHeight: 1
  maxHealth: 300
  health: 0
  active: 1
  defaultIFrameTime: 0.5
  tactic: {fileID: 0}
  possibleTatics:
  - {fileID: 8416683674899340068, guid: c4c1840798585ae4a894c53969d2582e, type: 3}
  meshRenderer: {fileID: 2451352808914777312}
  healthbar: {fileID: 100221505597213786}
  serialNo: 0
--- !u!114 &8619565092419322107
MonoBehaviour:
  m_ObjectHideFlags: 0
  m_CorrespondingSourceObject: {fileID: 0}
  m_PrefabInstance: {fileID: 0}
  m_PrefabAsset: {fileID: 0}
  m_GameObject: {fileID: 1766801496930772605}
  m_Enabled: 1
  m_EditorHideFlags: 0
  m_Script: {fileID: 11500000, guid: 5e5a0873e43fff14586ebcec419c4083, type: 3}
  m_Name: 
  m_EditorClassIdentifier: 
  moveSpeed: 5
  moveSpeedMultiplier: 1
  kbDecel: 20
  animator: {fileID: 3710702074275739866}
--- !u!114 &6678340863421775555
MonoBehaviour:
  m_ObjectHideFlags: 0
  m_CorrespondingSourceObject: {fileID: 0}
  m_PrefabInstance: {fileID: 0}
  m_PrefabAsset: {fileID: 0}
  m_GameObject: {fileID: 1766801496930772605}
  m_Enabled: 1
  m_EditorHideFlags: 0
  m_Script: {fileID: 11500000, guid: 4942dcf3e83b8f647af562f2d3f6e417, type: 3}
  m_Name: 
  m_EditorClassIdentifier: 
  shortRangeAttacks:
  - {fileID: 364669340909711090}
  longRangeAttacks: []
--- !u!114 &6889150085532314298
MonoBehaviour:
  m_ObjectHideFlags: 0
  m_CorrespondingSourceObject: {fileID: 0}
  m_PrefabInstance: {fileID: 0}
  m_PrefabAsset: {fileID: 0}
  m_GameObject: {fileID: 1766801496930772605}
  m_Enabled: 1
  m_EditorHideFlags: 0
  m_Script: {fileID: 11500000, guid: a3e9065502bd16e45b8745ae5b1fa1b6, type: 3}
  m_Name: 
  m_EditorClassIdentifier: 
  deathParticleSystem: {fileID: 283963802586411293, guid: 1213eabb1809b6340984f253a4df4efc,
    type: 3}
  spawnParticleSystem: {fileID: 4609084403217967604, guid: f83760c3bee187c499034297fa747729,
    type: 3}
--- !u!143 &-3880893986716380659
CharacterController:
  m_ObjectHideFlags: 0
  m_CorrespondingSourceObject: {fileID: 0}
  m_PrefabInstance: {fileID: 0}
  m_PrefabAsset: {fileID: 0}
  m_GameObject: {fileID: 1766801496930772605}
  m_Material: {fileID: 0}
  m_IsTrigger: 0
  m_Enabled: 1
  serializedVersion: 2
  m_Height: 1.7
  m_Radius: 0.3
  m_SlopeLimit: 45
  m_StepOffset: 0.3
  m_SkinWidth: 0.08
  m_MinMoveDistance: 0.001
  m_Center: {x: 0, y: 0.5, z: 0}
--- !u!114 &3988271012459163534
MonoBehaviour:
  m_ObjectHideFlags: 0
  m_CorrespondingSourceObject: {fileID: 0}
  m_PrefabInstance: {fileID: 0}
  m_PrefabAsset: {fileID: 0}
  m_GameObject: {fileID: 1766801496930772605}
  m_Enabled: 1
  m_EditorHideFlags: 0
  m_Script: {fileID: 11500000, guid: ee3c92382df45ca49917811c69f32873, type: 3}
  m_Name: 
  m_EditorClassIdentifier: 
--- !u!1 &1901477203662368179
GameObject:
  m_ObjectHideFlags: 0
  m_CorrespondingSourceObject: {fileID: 0}
  m_PrefabInstance: {fileID: 0}
  m_PrefabAsset: {fileID: 0}
  serializedVersion: 6
  m_Component:
  - component: {fileID: 2671559843807361257}
  m_Layer: 8
  m_Name: QuickRigCharacter_Ctrl_LeftWristEffector
  m_TagString: Untagged
  m_Icon: {fileID: 0}
  m_NavMeshLayer: 0
  m_StaticEditorFlags: 0
  m_IsActive: 1
--- !u!4 &2671559843807361257
Transform:
  m_ObjectHideFlags: 0
  m_CorrespondingSourceObject: {fileID: 0}
  m_PrefabInstance: {fileID: 0}
  m_PrefabAsset: {fileID: 0}
  m_GameObject: {fileID: 1901477203662368179}
  m_LocalRotation: {x: -0.011726542, y: 0.040544584, z: 0.3225546, w: 0.9456094}
  m_LocalPosition: {x: -0.6276013, y: 1.1480696, z: -0.07046645}
  m_LocalScale: {x: 1, y: 1, z: 1}
  m_Children:
  - {fileID: 2985258462985527693}
  - {fileID: 4776557652442917815}
  m_Father: {fileID: 5638041285003402585}
  m_RootOrder: 11
  m_LocalEulerAnglesHint: {x: 0, y: 0, z: 0}
--- !u!1 &1920399667667993842
GameObject:
  m_ObjectHideFlags: 0
  m_CorrespondingSourceObject: {fileID: 0}
  m_PrefabInstance: {fileID: 0}
  m_PrefabAsset: {fileID: 0}
  serializedVersion: 6
  m_Component:
  - component: {fileID: 6512298401034714298}
  m_Layer: 8
  m_Name: QuickRigCharacter_LeftUpLeg
  m_TagString: Untagged
  m_Icon: {fileID: 0}
  m_NavMeshLayer: 0
  m_StaticEditorFlags: 0
  m_IsActive: 1
--- !u!4 &6512298401034714298
Transform:
  m_ObjectHideFlags: 0
  m_CorrespondingSourceObject: {fileID: 0}
  m_PrefabInstance: {fileID: 0}
  m_PrefabAsset: {fileID: 0}
  m_GameObject: {fileID: 1920399667667993842}
  m_LocalRotation: {x: -0.045643765, y: -0.008697379, z: 0.99891967, w: -0.0007161789}
  m_LocalPosition: {x: 0.04221516, y: 0.00013517335, z: 0.08767787}
  m_LocalScale: {x: 1, y: 1, z: 1}
  m_Children:
  - {fileID: 4286003259935258469}
  m_Father: {fileID: 3524165887394091575}
  m_RootOrder: 0
  m_LocalEulerAnglesHint: {x: 0, y: 0, z: 0}
--- !u!1 &1954208219804143111
GameObject:
  m_ObjectHideFlags: 0
  m_CorrespondingSourceObject: {fileID: 0}
  m_PrefabInstance: {fileID: 0}
  m_PrefabAsset: {fileID: 0}
  serializedVersion: 6
  m_Component:
  - component: {fileID: 5029842260380054656}
  m_Layer: 8
  m_Name: QuickRigCharacter_Ctrl_ChestOriginEffector
  m_TagString: Untagged
  m_Icon: {fileID: 0}
  m_NavMeshLayer: 0
  m_StaticEditorFlags: 0
  m_IsActive: 1
--- !u!4 &5029842260380054656
Transform:
  m_ObjectHideFlags: 0
  m_CorrespondingSourceObject: {fileID: 0}
  m_PrefabInstance: {fileID: 0}
  m_PrefabAsset: {fileID: 0}
  m_GameObject: {fileID: 1954208219804143111}
  m_LocalRotation: {x: -6.938894e-17, y: -1.0785208e-32, z: -1.110223e-16, w: 1}
  m_LocalPosition: {x: -0, y: 1.0608737, z: -0.059789736}
  m_LocalScale: {x: 1, y: 1, z: 1}
  m_Children: []
  m_Father: {fileID: 5638041285003402585}
  m_RootOrder: 1
  m_LocalEulerAnglesHint: {x: 0, y: 0, z: 0}
--- !u!1 &2126958150230436462
GameObject:
  m_ObjectHideFlags: 0
  m_CorrespondingSourceObject: {fileID: 0}
  m_PrefabInstance: {fileID: 0}
  m_PrefabAsset: {fileID: 0}
  serializedVersion: 6
  m_Component:
  - component: {fileID: 6886099769495086375}
  m_Layer: 8
  m_Name: QuickRigCharacter_Ctrl_RightArm
  m_TagString: Untagged
  m_Icon: {fileID: 0}
  m_NavMeshLayer: 0
  m_StaticEditorFlags: 0
  m_IsActive: 1
--- !u!4 &6886099769495086375
Transform:
  m_ObjectHideFlags: 0
  m_CorrespondingSourceObject: {fileID: 0}
  m_PrefabInstance: {fileID: 0}
  m_PrefabAsset: {fileID: 0}
  m_GameObject: {fileID: 2126958150230436462}
  m_LocalRotation: {x: 0.0066663264, y: 0.06856968, z: -0.32298538, w: 0.94389313}
  m_LocalPosition: {x: 0.0877129, y: -0.005021362, z: -0.07832064}
  m_LocalScale: {x: 1, y: 1, z: 1}
  m_Children:
  - {fileID: 35340030259672013}
  m_Father: {fileID: 2469564552298988870}
  m_RootOrder: 0
  m_LocalEulerAnglesHint: {x: 0, y: 0, z: 0}
--- !u!1 &2195349047374750137
GameObject:
  m_ObjectHideFlags: 0
  m_CorrespondingSourceObject: {fileID: 0}
  m_PrefabInstance: {fileID: 0}
  m_PrefabAsset: {fileID: 0}
  serializedVersion: 6
  m_Component:
  - component: {fileID: 1176606436197928236}
  m_Layer: 8
  m_Name: QuickRigCharacter_LeftFoot
  m_TagString: Untagged
  m_Icon: {fileID: 0}
  m_NavMeshLayer: 0
  m_StaticEditorFlags: 0
  m_IsActive: 1
--- !u!4 &1176606436197928236
Transform:
  m_ObjectHideFlags: 0
  m_CorrespondingSourceObject: {fileID: 0}
  m_PrefabInstance: {fileID: 0}
  m_PrefabAsset: {fileID: 0}
  m_GameObject: {fileID: 2195349047374750137}
  m_LocalRotation: {x: -0.014320217, y: -0.058772817, z: 0.49627605, w: 0.8660547}
  m_LocalPosition: {x: -0.4168093, y: 0.000000013298881, z: 0.00000004184701}
  m_LocalScale: {x: 1, y: 1, z: 1}
  m_Children:
  - {fileID: 185355105586952300}
  m_Father: {fileID: 4286003259935258469}
  m_RootOrder: 0
  m_LocalEulerAnglesHint: {x: 0, y: 0, z: 0}
--- !u!1 &2255301894636107851
GameObject:
  m_ObjectHideFlags: 0
  m_CorrespondingSourceObject: {fileID: 0}
  m_PrefabInstance: {fileID: 0}
  m_PrefabAsset: {fileID: 0}
  serializedVersion: 6
  m_Component:
  - component: {fileID: 3524165887394091575}
  m_Layer: 8
  m_Name: QuickRigCharacter_Hips
  m_TagString: Untagged
  m_Icon: {fileID: 0}
  m_NavMeshLayer: 0
  m_StaticEditorFlags: 0
  m_IsActive: 1
--- !u!4 &3524165887394091575
Transform:
  m_ObjectHideFlags: 0
  m_CorrespondingSourceObject: {fileID: 0}
  m_PrefabInstance: {fileID: 0}
  m_PrefabAsset: {fileID: 0}
  m_GameObject: {fileID: 2255301894636107851}
  m_LocalRotation: {x: 0.49959627, y: -0.50040346, z: -0.49959627, w: 0.50040346}
  m_LocalPosition: {x: -0.0000000038146974, y: 0.9552695, z: -0.059619255}
  m_LocalScale: {x: 1, y: 1, z: 1}
  m_Children:
  - {fileID: 6512298401034714298}
  - {fileID: 3368548812532220913}
  - {fileID: 1027031850134687143}
  m_Father: {fileID: 8614721107068801953}
  m_RootOrder: 0
  m_LocalEulerAnglesHint: {x: 0, y: 0, z: 0}
--- !u!1 &2751665710466386182
GameObject:
  m_ObjectHideFlags: 0
  m_CorrespondingSourceObject: {fileID: 0}
  m_PrefabInstance: {fileID: 0}
  m_PrefabAsset: {fileID: 0}
  serializedVersion: 6
  m_Component:
  - component: {fileID: 539413623832011319}
  m_Layer: 8
  m_Name: QuickRigCharacter_Ctrl_LeftFootEffector
  m_TagString: Untagged
  m_Icon: {fileID: 0}
  m_NavMeshLayer: 0
  m_StaticEditorFlags: 0
  m_IsActive: 1
--- !u!4 &539413623832011319
Transform:
  m_ObjectHideFlags: 0
  m_CorrespondingSourceObject: {fileID: 0}
  m_PrefabInstance: {fileID: 0}
  m_PrefabAsset: {fileID: 0}
  m_GameObject: {fileID: 2751665710466386182}
  m_LocalRotation: {x: 0.0005500056, y: 0.021744473, z: 0.016233798, w: 0.99963164}
  m_LocalPosition: {x: -0.15227625, y: 0.010995704, z: 0.022211237}
  m_LocalScale: {x: 1, y: 1, z: 1}
  m_Children: []
  m_Father: {fileID: 5638041285003402585}
  m_RootOrder: 7
  m_LocalEulerAnglesHint: {x: 0, y: 0, z: 0}
--- !u!1 &2786041388316130331
GameObject:
  m_ObjectHideFlags: 0
  m_CorrespondingSourceObject: {fileID: 0}
  m_PrefabInstance: {fileID: 0}
  m_PrefabAsset: {fileID: 0}
  serializedVersion: 6
  m_Component:
  - component: {fileID: 1135579984380229066}
  m_Layer: 8
  m_Name: QuickRigCharacter_Ctrl_RightWristEffector
  m_TagString: Untagged
  m_Icon: {fileID: 0}
  m_NavMeshLayer: 0
  m_StaticEditorFlags: 0
  m_IsActive: 1
--- !u!4 &1135579984380229066
Transform:
  m_ObjectHideFlags: 0
  m_CorrespondingSourceObject: {fileID: 0}
  m_PrefabInstance: {fileID: 0}
  m_PrefabAsset: {fileID: 0}
  m_GameObject: {fileID: 2786041388316130331}
  m_LocalRotation: {x: -0.03685402, y: -0.059063453, z: -0.32093996, w: 0.94453734}
  m_LocalPosition: {x: 0.6276013, y: 1.14807, z: -0.07046642}
  m_LocalScale: {x: 1, y: 1, z: 1}
  m_Children: []
  m_Father: {fileID: 5638041285003402585}
  m_RootOrder: 18
  m_LocalEulerAnglesHint: {x: 0, y: 0, z: 0}
--- !u!1 &2848622149572100401
GameObject:
  m_ObjectHideFlags: 0
  m_CorrespondingSourceObject: {fileID: 0}
  m_PrefabInstance: {fileID: 0}
  m_PrefabAsset: {fileID: 0}
  serializedVersion: 6
  m_Component:
  - component: {fileID: 1735352525072984090}
  m_Layer: 8
  m_Name: QuickRigCharacter_Ctrl_RightFootEffector
  m_TagString: Untagged
  m_Icon: {fileID: 0}
  m_NavMeshLayer: 0
  m_StaticEditorFlags: 0
  m_IsActive: 1
--- !u!4 &1735352525072984090
Transform:
  m_ObjectHideFlags: 0
  m_CorrespondingSourceObject: {fileID: 0}
  m_PrefabInstance: {fileID: 0}
  m_PrefabAsset: {fileID: 0}
  m_GameObject: {fileID: 2848622149572100401}
  m_LocalRotation: {x: 0.0005509035, y: -0.021770913, z: -0.016253728, w: 0.99963075}
  m_LocalPosition: {x: 0.15227626, y: 0.010995742, z: 0.02221116}
  m_LocalScale: {x: 1, y: 1, z: 1}
  m_Children: []
  m_Father: {fileID: 5638041285003402585}
  m_RootOrder: 14
  m_LocalEulerAnglesHint: {x: 0, y: 0, z: 0}
--- !u!1 &3015454514607707795
GameObject:
  m_ObjectHideFlags: 0
  m_CorrespondingSourceObject: {fileID: 0}
  m_PrefabInstance: {fileID: 0}
  m_PrefabAsset: {fileID: 0}
  serializedVersion: 6
  m_Component:
  - component: {fileID: 2138359820365210035}
  m_Layer: 8
  m_Name: QuickRigCharacter_Ctrl_RightShoulderEffector
  m_TagString: Untagged
  m_Icon: {fileID: 0}
  m_NavMeshLayer: 0
  m_StaticEditorFlags: 0
  m_IsActive: 1
--- !u!4 &2138359820365210035
Transform:
  m_ObjectHideFlags: 0
  m_CorrespondingSourceObject: {fileID: 0}
  m_PrefabInstance: {fileID: 0}
  m_PrefabAsset: {fileID: 0}
  m_GameObject: {fileID: 3015454514607707795}
  m_LocalRotation: {x: 0.0066663264, y: 0.068569675, z: -0.32298538, w: 0.94389313}
  m_LocalPosition: {x: 0.15075727, y: 1.5160556, z: -0.07049778}
  m_LocalScale: {x: 1, y: 1, z: 1}
  m_Children: []
  m_Father: {fileID: 5638041285003402585}
  m_RootOrder: 17
  m_LocalEulerAnglesHint: {x: 0, y: 0, z: 0}
--- !u!1 &3089948878957514096
GameObject:
  m_ObjectHideFlags: 0
  m_CorrespondingSourceObject: {fileID: 0}
  m_PrefabInstance: {fileID: 0}
  m_PrefabAsset: {fileID: 0}
  serializedVersion: 6
  m_Component:
  - component: {fileID: 1027031850134687143}
  m_Layer: 8
  m_Name: QuickRigCharacter_Spine
  m_TagString: Untagged
  m_Icon: {fileID: 0}
  m_NavMeshLayer: 0
  m_StaticEditorFlags: 0
  m_IsActive: 1
--- !u!4 &1027031850134687143
Transform:
  m_ObjectHideFlags: 0
  m_CorrespondingSourceObject: {fileID: 0}
  m_PrefabInstance: {fileID: 0}
  m_PrefabAsset: {fileID: 0}
  m_GameObject: {fileID: 3089948878957514096}
  m_LocalRotation: {x: 5.5347945e-17, y: -4.253516e-18, z: 0.07647547, w: 0.9970715}
  m_LocalPosition: {x: -0.10560438, y: 4.0439702e-10, z: 0}
  m_LocalScale: {x: 1, y: 1, z: 1}
  m_Children:
  - {fileID: 1325158060473326890}
  m_Father: {fileID: 3524165887394091575}
  m_RootOrder: 2
  m_LocalEulerAnglesHint: {x: 0, y: 0, z: 0}
--- !u!1 &3098617560745620592
GameObject:
  m_ObjectHideFlags: 0
  m_CorrespondingSourceObject: {fileID: 0}
  m_PrefabInstance: {fileID: 0}
  m_PrefabAsset: {fileID: 0}
  serializedVersion: 6
  m_Component:
  - component: {fileID: 3368548812532220913}
  m_Layer: 8
  m_Name: QuickRigCharacter_RightUpLeg
  m_TagString: Untagged
  m_Icon: {fileID: 0}
  m_NavMeshLayer: 0
  m_StaticEditorFlags: 0
  m_IsActive: 1
--- !u!4 &3368548812532220913
Transform:
  m_ObjectHideFlags: 0
  m_CorrespondingSourceObject: {fileID: 0}
  m_PrefabInstance: {fileID: 0}
  m_PrefabAsset: {fileID: 0}
  m_GameObject: {fileID: 3098617560745620592}
  m_LocalRotation: {x: -0.008698084, y: 0.045644775, z: 0.00071559334, w: 0.9989196}
  m_LocalPosition: {x: 0.04221516, y: 0.00013517335, z: -0.08767787}
  m_LocalScale: {x: 1, y: 1, z: 1}
  m_Children:
  - {fileID: 153974952657108124}
  m_Father: {fileID: 3524165887394091575}
  m_RootOrder: 1
  m_LocalEulerAnglesHint: {x: 0, y: 0, z: 0}
--- !u!1 &3505610753809863268
GameObject:
  m_ObjectHideFlags: 0
  m_CorrespondingSourceObject: {fileID: 0}
  m_PrefabInstance: {fileID: 0}
  m_PrefabAsset: {fileID: 0}
  serializedVersion: 6
  m_Component:
  - component: {fileID: 4286003259935258469}
  m_Layer: 8
  m_Name: QuickRigCharacter_LeftLeg
  m_TagString: Untagged
  m_Icon: {fileID: 0}
  m_NavMeshLayer: 0
  m_StaticEditorFlags: 0
  m_IsActive: 1
--- !u!4 &4286003259935258469
Transform:
  m_ObjectHideFlags: 0
  m_CorrespondingSourceObject: {fileID: 0}
  m_PrefabInstance: {fileID: 0}
  m_PrefabAsset: {fileID: 0}
  m_GameObject: {fileID: 3505610753809863268}
  m_LocalRotation: {x: 0.020345671, y: -0.0011327063, z: -0.05560519, w: 0.9982449}
  m_LocalPosition: {x: -0.39667472, y: 0.0000052358973, z: 0.0000003170778}
  m_LocalScale: {x: 1, y: 1, z: 1}
  m_Children:
  - {fileID: 1176606436197928236}
  m_Father: {fileID: 6512298401034714298}
  m_RootOrder: 0
  m_LocalEulerAnglesHint: {x: 0, y: 0, z: 0}
--- !u!1 &3520912283407314157
GameObject:
  m_ObjectHideFlags: 0
  m_CorrespondingSourceObject: {fileID: 0}
  m_PrefabInstance: {fileID: 0}
  m_PrefabAsset: {fileID: 0}
  serializedVersion: 6
  m_Component:
  - component: {fileID: 2550251257640182513}
  m_Layer: 8
  m_Name: QuickRigCharacter_Ctrl_LeftShoulder
  m_TagString: Untagged
  m_Icon: {fileID: 0}
  m_NavMeshLayer: 0
  m_StaticEditorFlags: 0
  m_IsActive: 1
--- !u!4 &2550251257640182513
Transform:
  m_ObjectHideFlags: 0
  m_CorrespondingSourceObject: {fileID: 0}
  m_PrefabInstance: {fileID: 0}
  m_PrefabAsset: {fileID: 0}
  m_GameObject: {fileID: 3520912283407314157}
  m_LocalRotation: {x: -1.0408341e-17, y: -2.7755576e-17, z: -5.2041704e-18, w: 1}
  m_LocalPosition: {x: -0.06304438, y: 0.15862274, z: 0.08870676}
  m_LocalScale: {x: 1, y: 1, z: 1}
  m_Children:
  - {fileID: 3681582313918363199}
  m_Father: {fileID: 4105759507695008045}
  m_RootOrder: 0
  m_LocalEulerAnglesHint: {x: 0, y: 0, z: 0}
--- !u!1 &3715146482539257615
GameObject:
  m_ObjectHideFlags: 0
  m_CorrespondingSourceObject: {fileID: 0}
  m_PrefabInstance: {fileID: 0}
  m_PrefabAsset: {fileID: 0}
  serializedVersion: 6
  m_Component:
  - component: {fileID: 1004239714833050924}
  m_Layer: 8
  m_Name: QuickRigCharacter_Ctrl_ChestEndEffector
  m_TagString: Untagged
  m_Icon: {fileID: 0}
  m_NavMeshLayer: 0
  m_StaticEditorFlags: 0
  m_IsActive: 1
--- !u!4 &1004239714833050924
Transform:
  m_ObjectHideFlags: 0
  m_CorrespondingSourceObject: {fileID: 0}
  m_PrefabInstance: {fileID: 0}
  m_PrefabAsset: {fileID: 0}
  m_GameObject: {fileID: 3715146482539257615}
  m_LocalRotation: {x: -1.4571677e-16, y: 9.623059e-17, z: -9.7981813e-17, w: 1}
  m_LocalPosition: {x: -0.0000000014342367, y: 1.5210769, z: 0.007822856}
  m_LocalScale: {x: 1, y: 1, z: 1}
  m_Children: []
  m_Father: {fileID: 5638041285003402585}
  m_RootOrder: 0
  m_LocalEulerAnglesHint: {x: 0, y: 0, z: 0}
--- !u!1 &3851794515498937385
GameObject:
  m_ObjectHideFlags: 0
  m_CorrespondingSourceObject: {fileID: 0}
  m_PrefabInstance: {fileID: 0}
  m_PrefabAsset: {fileID: 0}
  serializedVersion: 6
  m_Component:
  - component: {fileID: 7086520943386688821}
  m_Layer: 8
  m_Name: QuickRigCharacter_Ctrl_RightLeg
  m_TagString: Untagged
  m_Icon: {fileID: 0}
  m_NavMeshLayer: 0
  m_StaticEditorFlags: 0
  m_IsActive: 1
--- !u!4 &7086520943386688821
Transform:
  m_ObjectHideFlags: 0
  m_CorrespondingSourceObject: {fileID: 0}
  m_PrefabInstance: {fileID: 0}
  m_PrefabAsset: {fileID: 0}
  m_GameObject: {fileID: 3851794515498937385}
  m_LocalRotation: {x: 0.05560405, y: -0.020362504, z: -0.0011357565, w: 0.9982446}
  m_LocalPosition: {x: 0.000000028610229, y: -0.39667448, z: 0.0000038802623}
  m_LocalScale: {x: 1, y: 1, z: 1}
  m_Children:
  - {fileID: 8060994718200400262}
  m_Father: {fileID: 5960643821610342631}
  m_RootOrder: 0
  m_LocalEulerAnglesHint: {x: 0, y: 0, z: 0}
--- !u!1 &3880813981794686836
GameObject:
  m_ObjectHideFlags: 0
  m_CorrespondingSourceObject: {fileID: 0}
  m_PrefabInstance: {fileID: 0}
  m_PrefabAsset: {fileID: 0}
  serializedVersion: 6
  m_Component:
  - component: {fileID: 5849495305644865767}
  m_Layer: 8
  m_Name: QuickRigCharacter_RightForeArm
  m_TagString: Untagged
  m_Icon: {fileID: 0}
  m_NavMeshLayer: 0
  m_StaticEditorFlags: 0
  m_IsActive: 1
--- !u!4 &5849495305644865767
Transform:
  m_ObjectHideFlags: 0
  m_CorrespondingSourceObject: {fileID: 0}
  m_PrefabInstance: {fileID: 0}
  m_PrefabAsset: {fileID: 0}
  m_GameObject: {fileID: 3880813981794686836}
  m_LocalRotation: {x: 0.00000070356623, y: -0.000003869761, z: -0.13455606, w: 0.990906}
  m_LocalPosition: {x: 0.30549252, y: 0.000002344047, z: -0.00000035766925}
  m_LocalScale: {x: 1, y: 1, z: 1}
  m_Children:
  - {fileID: 5732146575638407439}
  m_Father: {fileID: 1724412360891140465}
  m_RootOrder: 0
  m_LocalEulerAnglesHint: {x: 0, y: 0, z: 0}
--- !u!1 &3893658762039370162
GameObject:
  m_ObjectHideFlags: 0
  m_CorrespondingSourceObject: {fileID: 0}
  m_PrefabInstance: {fileID: 0}
  m_PrefabAsset: {fileID: 0}
  serializedVersion: 6
  m_Component:
  - component: {fileID: 6781660793059389250}
  m_Layer: 8
  m_Name: QuickRigCharacter_RightFoot
  m_TagString: Untagged
  m_Icon: {fileID: 0}
  m_NavMeshLayer: 0
  m_StaticEditorFlags: 0
  m_IsActive: 1
--- !u!4 &6781660793059389250
Transform:
  m_ObjectHideFlags: 0
  m_CorrespondingSourceObject: {fileID: 0}
  m_PrefabInstance: {fileID: 0}
  m_PrefabAsset: {fileID: 0}
  m_GameObject: {fileID: 3893658762039370162}
  m_LocalRotation: {x: -0.014333816, y: -0.058763765, z: 0.49627694, w: 0.8660546}
  m_LocalPosition: {x: 0.41680953, y: 0.000000037975806, z: -0.000000008596075}
  m_LocalScale: {x: 1, y: 1, z: 1}
  m_Children:
  - {fileID: 7408852242548523614}
  m_Father: {fileID: 153974952657108124}
  m_RootOrder: 0
  m_LocalEulerAnglesHint: {x: 0, y: 0, z: 0}
--- !u!1 &4021940433684046072
GameObject:
  m_ObjectHideFlags: 0
  m_CorrespondingSourceObject: {fileID: 0}
  m_PrefabInstance: {fileID: 0}
  m_PrefabAsset: {fileID: 0}
  serializedVersion: 6
  m_Component:
  - component: {fileID: 3849993664223802675}
  m_Layer: 8
  m_Name: QuickRigCharacter_Neck
  m_TagString: Untagged
  m_Icon: {fileID: 0}
  m_NavMeshLayer: 0
  m_StaticEditorFlags: 0
  m_IsActive: 1
--- !u!4 &3849993664223802675
Transform:
  m_ObjectHideFlags: 0
  m_CorrespondingSourceObject: {fileID: 0}
  m_PrefabInstance: {fileID: 0}
  m_PrefabAsset: {fileID: 0}
  m_GameObject: {fileID: 4021940433684046072}
  m_LocalRotation: {x: 5.4687676e-17, y: 9.526552e-18, z: -0.04506879, w: 0.9989839}
  m_LocalPosition: {x: -0.20744571, y: 0.000000015056244, z: 2.8969881e-18}
  m_LocalScale: {x: 1, y: 1, z: 1}
  m_Children:
  - {fileID: 5407703496060675925}
  m_Father: {fileID: 1284638133830119534}
  m_RootOrder: 1
  m_LocalEulerAnglesHint: {x: 0, y: 0, z: 0}
--- !u!1 &4399308452902988768
GameObject:
  m_ObjectHideFlags: 0
  m_CorrespondingSourceObject: {fileID: 0}
  m_PrefabInstance: {fileID: 0}
  m_PrefabAsset: {fileID: 0}
  serializedVersion: 6
  m_Component:
  - component: {fileID: 6207488131387622981}
  m_Layer: 8
  m_Name: QuickRigCharacter_Ctrl_Spine1
  m_TagString: Untagged
  m_Icon: {fileID: 0}
  m_NavMeshLayer: 0
  m_StaticEditorFlags: 0
  m_IsActive: 1
--- !u!4 &6207488131387622981
Transform:
  m_ObjectHideFlags: 0
  m_CorrespondingSourceObject: {fileID: 0}
  m_PrefabInstance: {fileID: 0}
  m_PrefabAsset: {fileID: 0}
  m_GameObject: {fileID: 4399308452902988768}
  m_LocalRotation: {x: -8.7603536e-17, y: -1.4925957e-32, z: -1.110223e-16, w: 1}
  m_LocalPosition: {x: -0, y: 0.14996505, z: -0.023388728}
  m_LocalScale: {x: 1, y: 1, z: 1}
  m_Children:
  - {fileID: 4105759507695008045}
  m_Father: {fileID: 2571737582547445281}
  m_RootOrder: 0
  m_LocalEulerAnglesHint: {x: 0, y: 0, z: 0}
--- !u!1 &4494402285705673416
GameObject:
  m_ObjectHideFlags: 0
  m_CorrespondingSourceObject: {fileID: 0}
  m_PrefabInstance: {fileID: 0}
  m_PrefabAsset: {fileID: 0}
  serializedVersion: 6
  m_Component:
  - component: {fileID: 3681582313918363199}
  m_Layer: 8
  m_Name: QuickRigCharacter_Ctrl_LeftArm
  m_TagString: Untagged
  m_Icon: {fileID: 0}
  m_NavMeshLayer: 0
  m_StaticEditorFlags: 0
  m_IsActive: 1
--- !u!4 &3681582313918363199
Transform:
  m_ObjectHideFlags: 0
  m_CorrespondingSourceObject: {fileID: 0}
  m_PrefabInstance: {fileID: 0}
  m_PrefabAsset: {fileID: 0}
  m_GameObject: {fileID: 4494402285705673416}
  m_LocalRotation: {x: 0.014963403, y: -0.03771605, z: 0.32238024, w: 0.9457403}
  m_LocalPosition: {x: -0.0877129, y: -0.005021362, z: -0.07832064}
  m_LocalScale: {x: 1, y: 1, z: 1}
  m_Children:
  - {fileID: 2467133627225682611}
  m_Father: {fileID: 2550251257640182513}
  m_RootOrder: 0
  m_LocalEulerAnglesHint: {x: 0, y: 0, z: 0}
--- !u!1 &4634727886795075968
GameObject:
  m_ObjectHideFlags: 0
  m_CorrespondingSourceObject: {fileID: 0}
  m_PrefabInstance: {fileID: 0}
  m_PrefabAsset: {fileID: 0}
  serializedVersion: 6
  m_Component:
  - component: {fileID: 5732146575638407439}
  m_Layer: 8
  m_Name: QuickRigCharacter_RightHand
  m_TagString: Untagged
  m_Icon: {fileID: 0}
  m_NavMeshLayer: 0
  m_StaticEditorFlags: 0
  m_IsActive: 1
--- !u!4 &5732146575638407439
Transform:
  m_ObjectHideFlags: 0
  m_CorrespondingSourceObject: {fileID: 0}
  m_PrefabInstance: {fileID: 0}
  m_PrefabAsset: {fileID: 0}
  m_GameObject: {fileID: 4634727886795075968}
  m_LocalRotation: {x: 1.012661e-12, y: -0.0000011389257, z: 0.00000088913697, w: 1}
  m_LocalPosition: {x: 0.30235857, y: 0.000000011160072, z: 0.00000003629494}
  m_LocalScale: {x: 1, y: 1, z: 1}
  m_Children: []
  m_Father: {fileID: 5849495305644865767}
  m_RootOrder: 0
  m_LocalEulerAnglesHint: {x: 0, y: 0, z: 0}
--- !u!1 &4734990096091680876
GameObject:
  m_ObjectHideFlags: 0
  m_CorrespondingSourceObject: {fileID: 0}
  m_PrefabInstance: {fileID: 0}
  m_PrefabAsset: {fileID: 0}
  serializedVersion: 6
  m_Component:
  - component: {fileID: 1203578334181385059}
  m_Layer: 8
  m_Name: QuickRigCharacter_Ctrl_Neck
  m_TagString: Untagged
  m_Icon: {fileID: 0}
  m_NavMeshLayer: 0
  m_StaticEditorFlags: 0
  m_IsActive: 1
--- !u!4 &1203578334181385059
Transform:
  m_ObjectHideFlags: 0
  m_CorrespondingSourceObject: {fileID: 0}
  m_PrefabInstance: {fileID: 0}
  m_PrefabAsset: {fileID: 0}
  m_GameObject: {fileID: 4734990096091680876}
  m_LocalRotation: {x: -1.2490009e-16, y: -2.0166966e-16, z: 1.236342e-16, w: 1}
  m_LocalPosition: {x: -0, y: 0.20580962, z: 0.026002297}
  m_LocalScale: {x: 1, y: 1, z: 1}
  m_Children:
  - {fileID: 7386199033204622798}
  m_Father: {fileID: 4105759507695008045}
  m_RootOrder: 1
  m_LocalEulerAnglesHint: {x: 0, y: 0, z: 0}
--- !u!1 &5052826748244280093
GameObject:
  m_ObjectHideFlags: 0
  m_CorrespondingSourceObject: {fileID: 0}
  m_PrefabInstance: {fileID: 0}
  m_PrefabAsset: {fileID: 0}
  serializedVersion: 6
  m_Component:
  - component: {fileID: 8608813189409376931}
  m_Layer: 8
  m_Name: QuickRigCharacter_Ctrl_LeftUpLeg
  m_TagString: Untagged
  m_Icon: {fileID: 0}
  m_NavMeshLayer: 0
  m_StaticEditorFlags: 0
  m_IsActive: 1
--- !u!4 &8608813189409376931
Transform:
  m_ObjectHideFlags: 0
  m_CorrespondingSourceObject: {fileID: 0}
  m_PrefabInstance: {fileID: 0}
  m_PrefabAsset: {fileID: 0}
  m_GameObject: {fileID: 5052826748244280093}
  m_LocalRotation: {x: -0.0015211585, y: -0.008734223, z: -0.045637127, w: 0.9989188}
  m_LocalPosition: {x: -0.08767787, y: -0.04221489, z: 0.00020332336}
  m_LocalScale: {x: 1, y: 1, z: 1}
  m_Children:
  - {fileID: 1421163518313300193}
  m_Father: {fileID: 8004519502596862452}
  m_RootOrder: 0
  m_LocalEulerAnglesHint: {x: 0, y: 0, z: 0}
--- !u!1 &5505793795507476625
GameObject:
  m_ObjectHideFlags: 0
  m_CorrespondingSourceObject: {fileID: 0}
  m_PrefabInstance: {fileID: 0}
  m_PrefabAsset: {fileID: 0}
  serializedVersion: 6
  m_Component:
  - component: {fileID: 153974952657108124}
  m_Layer: 8
  m_Name: QuickRigCharacter_RightLeg
  m_TagString: Untagged
  m_Icon: {fileID: 0}
  m_NavMeshLayer: 0
  m_StaticEditorFlags: 0
  m_IsActive: 1
--- !u!4 &153974952657108124
Transform:
  m_ObjectHideFlags: 0
  m_CorrespondingSourceObject: {fileID: 0}
  m_PrefabInstance: {fileID: 0}
  m_PrefabAsset: {fileID: 0}
  m_GameObject: {fileID: 5505793795507476625}
  m_LocalRotation: {x: 0.020362228, y: -0.001135499, z: -0.055605404, w: 0.9982445}
  m_LocalPosition: {x: 0.39667428, y: -0.0000039779593, z: -0.00000028467937}
  m_LocalScale: {x: 1, y: 1, z: 1}
  m_Children:
  - {fileID: 6781660793059389250}
  m_Father: {fileID: 3368548812532220913}
  m_RootOrder: 0
  m_LocalEulerAnglesHint: {x: 0, y: 0, z: 0}
--- !u!1 &5655008831669456832
GameObject:
  m_ObjectHideFlags: 0
  m_CorrespondingSourceObject: {fileID: 0}
  m_PrefabInstance: {fileID: 0}
  m_PrefabAsset: {fileID: 0}
  serializedVersion: 6
  m_Component:
  - component: {fileID: 35340030259672013}
  m_Layer: 8
  m_Name: QuickRigCharacter_Ctrl_RightForeArm
  m_TagString: Untagged
  m_Icon: {fileID: 0}
  m_NavMeshLayer: 0
  m_StaticEditorFlags: 0
  m_IsActive: 1
--- !u!4 &35340030259672013
Transform:
  m_ObjectHideFlags: 0
  m_CorrespondingSourceObject: {fileID: 0}
  m_PrefabInstance: {fileID: 0}
  m_PrefabAsset: {fileID: 0}
  m_GameObject: {fileID: 5655008831669456832}
  m_LocalRotation: {x: 0.0000008074015, y: -0.13455983, z: 0.0000043886585, w: 0.99090546}
  m_LocalPosition: {x: 0.30549213, y: -2.842171e-16, z: 0}
  m_LocalScale: {x: 1, y: 1, z: 1}
  m_Children:
  - {fileID: 6873940143589045037}
  m_Father: {fileID: 6886099769495086375}
  m_RootOrder: 0
  m_LocalEulerAnglesHint: {x: 0, y: 0, z: 0}
--- !u!1 &5779603668330995734
GameObject:
  m_ObjectHideFlags: 0
  m_CorrespondingSourceObject: {fileID: 0}
  m_PrefabInstance: {fileID: 0}
  m_PrefabAsset: {fileID: 0}
  serializedVersion: 6
  m_Component:
  - component: {fileID: 1325158060473326890}
  m_Layer: 8
  m_Name: QuickRigCharacter_Spine1
  m_TagString: Untagged
  m_Icon: {fileID: 0}
  m_NavMeshLayer: 0
  m_StaticEditorFlags: 0
  m_IsActive: 1
--- !u!4 &1325158060473326890
Transform:
  m_ObjectHideFlags: 0
  m_CorrespondingSourceObject: {fileID: 0}
  m_PrefabInstance: {fileID: 0}
  m_PrefabAsset: {fileID: 0}
  m_GameObject: {fileID: 5779603668330995734}
  m_LocalRotation: {x: 5.5379997e-17, y: -3.7897946e-18, z: -0.084821805, w: 0.9963961}
  m_LocalPosition: {x: -0.15177795, y: -0.0000000061100667, z: -2.584738e-18}
  m_LocalScale: {x: 1, y: 1, z: 1}
  m_Children:
  - {fileID: 1284638133830119534}
  m_Father: {fileID: 1027031850134687143}
  m_RootOrder: 0
  m_LocalEulerAnglesHint: {x: 0, y: 0, z: 0}
--- !u!1 &6125764240905702994
GameObject:
  m_ObjectHideFlags: 0
  m_CorrespondingSourceObject: {fileID: 0}
  m_PrefabInstance: {fileID: 0}
  m_PrefabAsset: {fileID: 0}
  serializedVersion: 6
  m_Component:
  - component: {fileID: 5407703496060675925}
  m_Layer: 8
  m_Name: QuickRigCharacter_Head
  m_TagString: Untagged
  m_Icon: {fileID: 0}
  m_NavMeshLayer: 0
  m_StaticEditorFlags: 0
  m_IsActive: 1
--- !u!4 &5407703496060675925
Transform:
  m_ObjectHideFlags: 0
  m_CorrespondingSourceObject: {fileID: 0}
  m_PrefabInstance: {fileID: 0}
  m_PrefabAsset: {fileID: 0}
  m_GameObject: {fileID: 6125764240905702994}
  m_LocalRotation: {x: 0, y: -0, z: -0, w: 1}
  m_LocalPosition: {x: -0.10979327, y: -0.00000000623065, z: 2.671474e-18}
  m_LocalScale: {x: 1, y: 1, z: 1}
  m_Children: []
  m_Father: {fileID: 3849993664223802675}
  m_RootOrder: 0
  m_LocalEulerAnglesHint: {x: 0, y: 0, z: 0}
--- !u!1 &6239378989921280936
GameObject:
  m_ObjectHideFlags: 0
  m_CorrespondingSourceObject: {fileID: 0}
  m_PrefabInstance: {fileID: 0}
  m_PrefabAsset: {fileID: 0}
  serializedVersion: 6
  m_Component:
  - component: {fileID: 2571737582547445281}
  m_Layer: 8
  m_Name: QuickRigCharacter_Ctrl_Spine
  m_TagString: Untagged
  m_Icon: {fileID: 0}
  m_NavMeshLayer: 0
  m_StaticEditorFlags: 0
  m_IsActive: 1
--- !u!4 &2571737582547445281
Transform:
  m_ObjectHideFlags: 0
  m_CorrespondingSourceObject: {fileID: 0}
  m_PrefabInstance: {fileID: 0}
  m_PrefabAsset: {fileID: 0}
  m_GameObject: {fileID: 6239378989921280936}
  m_LocalRotation: {x: -6.938894e-17, y: -1.0785208e-32, z: -1.110223e-16, w: 1}
  m_LocalPosition: {x: 1.7347234e-20, y: 0.105604246, z: -0.0001704824}
  m_LocalScale: {x: 1, y: 1, z: 1}
  m_Children:
  - {fileID: 6207488131387622981}
  m_Father: {fileID: 8004519502596862452}
  m_RootOrder: 2
  m_LocalEulerAnglesHint: {x: 0, y: 0, z: 0}
--- !u!1 &6335292206000066982
GameObject:
  m_ObjectHideFlags: 0
  m_CorrespondingSourceObject: {fileID: 0}
  m_PrefabInstance: {fileID: 0}
  m_PrefabAsset: {fileID: 0}
  serializedVersion: 6
  m_Component:
  - component: {fileID: 3954800232689998525}
  m_Layer: 8
  m_Name: QuickRigCharacter_LeftShoulder
  m_TagString: Untagged
  m_Icon: {fileID: 0}
  m_NavMeshLayer: 0
  m_StaticEditorFlags: 0
  m_IsActive: 1
--- !u!4 &3954800232689998525
Transform:
  m_ObjectHideFlags: 0
  m_CorrespondingSourceObject: {fileID: 0}
  m_PrefabInstance: {fileID: 0}
  m_PrefabAsset: {fileID: 0}
  m_GameObject: {fileID: 6335292206000066982}
  m_LocalRotation: {x: -0.2894202, y: 0.28993452, z: 0.69195807, w: 0.5944476}
  m_LocalPosition: {x: -0.16849065, y: 0.068124585, z: 0.06304438}
  m_LocalScale: {x: 1, y: 1, z: 1}
  m_Children:
  - {fileID: 5684713304279717058}
  m_Father: {fileID: 1284638133830119534}
  m_RootOrder: 0
  m_LocalEulerAnglesHint: {x: 0, y: 0, z: 0}
--- !u!1 &6336027125079293219
GameObject:
  m_ObjectHideFlags: 0
  m_CorrespondingSourceObject: {fileID: 0}
  m_PrefabInstance: {fileID: 0}
  m_PrefabAsset: {fileID: 0}
  serializedVersion: 6
  m_Component:
  - component: {fileID: 6340652338044593901}
  m_Layer: 8
  m_Name: QuickRigCharacter_Ctrl_LeftAnkleEffector
  m_TagString: Untagged
  m_Icon: {fileID: 0}
  m_NavMeshLayer: 0
  m_StaticEditorFlags: 0
  m_IsActive: 1
--- !u!4 &6340652338044593901
Transform:
  m_ObjectHideFlags: 0
  m_CorrespondingSourceObject: {fileID: 0}
  m_PrefabInstance: {fileID: 0}
  m_PrefabAsset: {fileID: 0}
  m_GameObject: {fileID: 6336027125079293219}
  m_LocalRotation: {x: 0.0005500056, y: 0.021744473, z: 0.016233798, w: 0.99963164}
  m_LocalPosition: {x: -0.16083302, y: 0.10535301, z: -0.103885256}
  m_LocalScale: {x: 1, y: 1, z: 1}
  m_Children: []
  m_Father: {fileID: 5638041285003402585}
  m_RootOrder: 5
  m_LocalEulerAnglesHint: {x: 0, y: 0, z: 0}
--- !u!1 &6794559747003983913
GameObject:
  m_ObjectHideFlags: 0
  m_CorrespondingSourceObject: {fileID: 0}
  m_PrefabInstance: {fileID: 0}
  m_PrefabAsset: {fileID: 0}
  serializedVersion: 6
  m_Component:
  - component: {fileID: 1676669758721966913}
  m_Layer: 8
  m_Name: QuickRigCharacter_Ctrl_RightElbowEffector
  m_TagString: Untagged
  m_Icon: {fileID: 0}
  m_NavMeshLayer: 0
  m_StaticEditorFlags: 0
  m_IsActive: 1
--- !u!4 &1676669758721966913
Transform:
  m_ObjectHideFlags: 0
  m_CorrespondingSourceObject: {fileID: 0}
  m_PrefabInstance: {fileID: 0}
  m_PrefabAsset: {fileID: 0}
  m_GameObject: {fileID: 6794559747003983913}
  m_LocalRotation: {x: -0.036854096, y: -0.05906432, z: -0.3209409, w: 0.944537}
  m_LocalPosition: {x: 0.38963988, y: 1.330068, z: -0.111355245}
  m_LocalScale: {x: 1, y: 1, z: 1}
  m_Children: []
  m_Father: {fileID: 5638041285003402585}
  m_RootOrder: 13
  m_LocalEulerAnglesHint: {x: 0, y: 0, z: 0}
--- !u!1 &6909410973240591845
GameObject:
  m_ObjectHideFlags: 0
  m_CorrespondingSourceObject: {fileID: 0}
  m_PrefabInstance: {fileID: 0}
  m_PrefabAsset: {fileID: 0}
  serializedVersion: 6
  m_Component:
  - component: {fileID: 464211410430175507}
  m_Layer: 8
  m_Name: QuickRigCharacter_Ctrl_HeadEffector
  m_TagString: Untagged
  m_Icon: {fileID: 0}
  m_NavMeshLayer: 0
  m_StaticEditorFlags: 0
  m_IsActive: 1
--- !u!4 &464211410430175507
Transform:
  m_ObjectHideFlags: 0
  m_CorrespondingSourceObject: {fileID: 0}
  m_PrefabInstance: {fileID: 0}
  m_PrefabAsset: {fileID: 0}
  m_GameObject: {fileID: 6909410973240591845}
  m_LocalRotation: {x: 1.4163847e-16, y: 2.7415802e-32, z: -1.110223e-16, w: 1}
  m_LocalPosition: {x: -0, y: 1.6755095, z: -0.031367015}
  m_LocalScale: {x: 1, y: 1, z: 1}
  m_Children: []
  m_Father: {fileID: 5638041285003402585}
  m_RootOrder: 2
  m_LocalEulerAnglesHint: {x: 0, y: 0, z: 0}
--- !u!1 &7262504664317719606
GameObject:
  m_ObjectHideFlags: 0
  m_CorrespondingSourceObject: {fileID: 0}
  m_PrefabInstance: {fileID: 0}
  m_PrefabAsset: {fileID: 0}
  serializedVersion: 6
  m_Component:
  - component: {fileID: 7408852242548523614}
  m_Layer: 8
  m_Name: QuickRigCharacter_RightToeBase
  m_TagString: Untagged
  m_Icon: {fileID: 0}
  m_NavMeshLayer: 0
  m_StaticEditorFlags: 0
  m_IsActive: 1
--- !u!4 &7408852242548523614
Transform:
  m_ObjectHideFlags: 0
  m_CorrespondingSourceObject: {fileID: 0}
  m_PrefabInstance: {fileID: 0}
  m_PrefabAsset: {fileID: 0}
  m_GameObject: {fileID: 7262504664317719606}
  m_LocalRotation: {x: 0.000025414487, y: 0.000000050620436, z: -1.2864924e-12, w: 1}
  m_LocalPosition: {x: 0.157724, y: -0.00000004412916, z: 0.0000000130870506}
  m_LocalScale: {x: 1, y: 1, z: 1}
  m_Children: []
  m_Father: {fileID: 6781660793059389250}
  m_RootOrder: 0
  m_LocalEulerAnglesHint: {x: 0, y: 0, z: 0}
--- !u!1 &7330282340310465440
GameObject:
  m_ObjectHideFlags: 0
  m_CorrespondingSourceObject: {fileID: 0}
  m_PrefabInstance: {fileID: 0}
  m_PrefabAsset: {fileID: 0}
  serializedVersion: 6
  m_Component:
  - component: {fileID: 1284638133830119534}
  m_Layer: 8
  m_Name: QuickRigCharacter_Spine2
  m_TagString: Untagged
  m_Icon: {fileID: 0}
  m_NavMeshLayer: 0
  m_StaticEditorFlags: 0
  m_IsActive: 1
--- !u!4 &1284638133830119534
Transform:
  m_ObjectHideFlags: 0
  m_CorrespondingSourceObject: {fileID: 0}
  m_PrefabInstance: {fileID: 0}
  m_PrefabAsset: {fileID: 0}
  m_GameObject: {fileID: 7330282340310465440}
  m_LocalRotation: {x: 5.5367328e-17, y: 3.9928587e-18, z: -0.05524318, w: 0.9984729}
  m_LocalPosition: {x: -0.15163274, y: -7.63173e-10, z: 2.94903e-19}
  m_LocalScale: {x: 1, y: 1, z: 1}
  m_Children:
  - {fileID: 3954800232689998525}
  - {fileID: 3849993664223802675}
  - {fileID: 4882285717425901226}
  m_Father: {fileID: 1325158060473326890}
  m_RootOrder: 0
  m_LocalEulerAnglesHint: {x: 0, y: 0, z: 0}
--- !u!1 &7354450383839246326
GameObject:
  m_ObjectHideFlags: 0
  m_CorrespondingSourceObject: {fileID: 0}
  m_PrefabInstance: {fileID: 0}
  m_PrefabAsset: {fileID: 0}
  serializedVersion: 6
  m_Component:
  - component: {fileID: 1421163518313300193}
  m_Layer: 8
  m_Name: QuickRigCharacter_Ctrl_LeftLeg
  m_TagString: Untagged
  m_Icon: {fileID: 0}
  m_NavMeshLayer: 0
  m_StaticEditorFlags: 0
  m_IsActive: 1
--- !u!4 &1421163518313300193
Transform:
  m_ObjectHideFlags: 0
  m_CorrespondingSourceObject: {fileID: 0}
  m_PrefabInstance: {fileID: 0}
  m_PrefabAsset: {fileID: 0}
  m_GameObject: {fileID: 7354450383839246326}
  m_LocalRotation: {x: 0.055609327, y: 0.020345869, z: 0.0011331766, w: 0.99824464}
  m_LocalPosition: {x: -0, y: -0.39667448, z: 0}
  m_LocalScale: {x: 1, y: 1, z: 1}
  m_Children:
  - {fileID: 362332783461463116}
  m_Father: {fileID: 8608813189409376931}
  m_RootOrder: 0
  m_LocalEulerAnglesHint: {x: 0, y: 0, z: 0}
--- !u!1 &7447939827267940245
GameObject:
  m_ObjectHideFlags: 0
  m_CorrespondingSourceObject: {fileID: 0}
  m_PrefabInstance: {fileID: 0}
  m_PrefabAsset: {fileID: 0}
  serializedVersion: 6
  m_Component:
  - component: {fileID: 3772218803308333702}
  m_Layer: 8
  m_Name: QuickRigCharacter_Ctrl_RightHipEffector
  m_TagString: Untagged
  m_Icon: {fileID: 0}
  m_NavMeshLayer: 0
  m_StaticEditorFlags: 0
  m_IsActive: 1
--- !u!4 &3772218803308333702
Transform:
  m_ObjectHideFlags: 0
  m_CorrespondingSourceObject: {fileID: 0}
  m_PrefabInstance: {fileID: 0}
  m_PrefabAsset: {fileID: 0}
  m_GameObject: {fileID: 7447939827267940245}
  m_LocalRotation: {x: -0.0015150749, y: 0.008735218, z: 0.045638032, w: 0.9989187}
  m_LocalPosition: {x: 0.08767787, y: 0.91305465, z: -0.05941593}
  m_LocalScale: {x: 1, y: 1, z: 1}
  m_Children: []
  m_Father: {fileID: 5638041285003402585}
  m_RootOrder: 15
  m_LocalEulerAnglesHint: {x: 0, y: 0, z: 0}
--- !u!1 &7510405226381647009
GameObject:
  m_ObjectHideFlags: 0
  m_CorrespondingSourceObject: {fileID: 0}
  m_PrefabInstance: {fileID: 0}
  m_PrefabAsset: {fileID: 0}
  serializedVersion: 6
  m_Component:
  - component: {fileID: 5684713304279717058}
  m_Layer: 8
  m_Name: QuickRigCharacter_LeftArm
  m_TagString: Untagged
  m_Icon: {fileID: 0}
  m_NavMeshLayer: 0
  m_StaticEditorFlags: 0
  m_IsActive: 1
--- !u!4 &5684713304279717058
Transform:
  m_ObjectHideFlags: 0
  m_CorrespondingSourceObject: {fileID: 0}
  m_PrefabInstance: {fileID: 0}
  m_PrefabAsset: {fileID: 0}
  m_GameObject: {fileID: 7510405226381647009}
  m_LocalRotation: {x: 0.72384566, y: 0.40670237, z: -0.023559194, w: 0.5568534}
  m_LocalPosition: {x: -0.1176983, y: 0.00000005957389, z: 0.000000004495773}
  m_LocalScale: {x: 1, y: 1, z: 1}
  m_Children:
  - {fileID: 7341146666817239953}
  m_Father: {fileID: 3954800232689998525}
  m_RootOrder: 0
  m_LocalEulerAnglesHint: {x: 0, y: 0, z: 0}
--- !u!1 &7521764990466527166
GameObject:
  m_ObjectHideFlags: 0
  m_CorrespondingSourceObject: {fileID: 0}
  m_PrefabInstance: {fileID: 0}
  m_PrefabAsset: {fileID: 0}
  serializedVersion: 6
  m_Component:
  - component: {fileID: 8539191728562841236}
  m_Layer: 8
  m_Name: QuickRigCharacter_Ctrl_LeftElbowEffector
  m_TagString: Untagged
  m_Icon: {fileID: 0}
  m_NavMeshLayer: 0
  m_StaticEditorFlags: 0
  m_IsActive: 1
--- !u!4 &8539191728562841236
Transform:
  m_ObjectHideFlags: 0
  m_CorrespondingSourceObject: {fileID: 0}
  m_PrefabInstance: {fileID: 0}
  m_PrefabAsset: {fileID: 0}
  m_GameObject: {fileID: 7521764990466527166}
  m_LocalRotation: {x: -0.011726721, y: 0.040545173, z: 0.32255492, w: 0.9456093}
  m_LocalPosition: {x: -0.39381355, y: 1.328628, z: -0.09544073}
  m_LocalScale: {x: 1, y: 1, z: 1}
  m_Children: []
  m_Father: {fileID: 5638041285003402585}
  m_RootOrder: 6
  m_LocalEulerAnglesHint: {x: 0, y: 0, z: 0}
--- !u!1 &7759233736427759539
GameObject:
  m_ObjectHideFlags: 0
  m_CorrespondingSourceObject: {fileID: 0}
  m_PrefabInstance: {fileID: 0}
  m_PrefabAsset: {fileID: 0}
  serializedVersion: 6
  m_Component:
  - component: {fileID: 6770330954764785056}
  - component: {fileID: 3710702074275739866}
  - component: {fileID: 758628152}
  m_Layer: 8
  m_Name: Animator
  m_TagString: Untagged
  m_Icon: {fileID: 0}
  m_NavMeshLayer: 0
  m_StaticEditorFlags: 0
  m_IsActive: 1
--- !u!4 &6770330954764785056
Transform:
  m_ObjectHideFlags: 0
  m_CorrespondingSourceObject: {fileID: 0}
  m_PrefabInstance: {fileID: 0}
  m_PrefabAsset: {fileID: 0}
  m_GameObject: {fileID: 7759233736427759539}
  m_LocalRotation: {x: 0, y: 0, z: 0, w: 1}
  m_LocalPosition: {x: 0, y: -0.55, z: 0}
  m_LocalScale: {x: 1, y: 1, z: 1}
  m_Children:
  - {fileID: 7049863369038196669}
  - {fileID: 5638041285003402585}
  - {fileID: 8614721107068801953}
  m_Father: {fileID: 1766801496930772592}
  m_RootOrder: 0
  m_LocalEulerAnglesHint: {x: 0, y: 0, z: 0}
--- !u!95 &3710702074275739866
Animator:
  serializedVersion: 3
  m_ObjectHideFlags: 0
  m_CorrespondingSourceObject: {fileID: 0}
  m_PrefabInstance: {fileID: 0}
  m_PrefabAsset: {fileID: 0}
  m_GameObject: {fileID: 7759233736427759539}
  m_Enabled: 1
  m_Avatar: {fileID: 9000000, guid: 7f2621681fcf6c8498b9e5ef9a8541a9, type: 3}
  m_Controller: {fileID: 9100000, guid: cb764f3391849444fa43ce053a9de237, type: 2}
  m_CullingMode: 1
  m_UpdateMode: 0
  m_ApplyRootMotion: 0
  m_LinearVelocityBlending: 0
  m_WarningMessage: 
  m_HasTransformHierarchy: 1
  m_AllowConstantClipSamplingOptimization: 1
  m_KeepAnimatorControllerStateOnDisable: 0
--- !u!114 &758628152
MonoBehaviour:
  m_ObjectHideFlags: 0
  m_CorrespondingSourceObject: {fileID: 0}
  m_PrefabInstance: {fileID: 0}
  m_PrefabAsset: {fileID: 0}
  m_GameObject: {fileID: 7759233736427759539}
  m_Enabled: 1
  m_EditorHideFlags: 0
  m_Script: {fileID: 11500000, guid: 4555c5403939c4742a122d63396483e0, type: 3}
  m_Name: 
  m_EditorClassIdentifier: 
  enemy: {fileID: 8276573659030198737}
  Trails: {fileID: 4575239864213166529}
--- !u!1 &7932953382389723900
GameObject:
  m_ObjectHideFlags: 0
  m_CorrespondingSourceObject: {fileID: 0}
  m_PrefabInstance: {fileID: 0}
  m_PrefabAsset: {fileID: 0}
  serializedVersion: 6
  m_Component:
  - component: {fileID: 8614721107068801953}
  m_Layer: 8
  m_Name: QuickRigCharacter_Reference
  m_TagString: Untagged
  m_Icon: {fileID: 0}
  m_NavMeshLayer: 0
  m_StaticEditorFlags: 0
  m_IsActive: 1
--- !u!4 &8614721107068801953
Transform:
  m_ObjectHideFlags: 0
  m_CorrespondingSourceObject: {fileID: 0}
  m_PrefabInstance: {fileID: 0}
  m_PrefabAsset: {fileID: 0}
  m_GameObject: {fileID: 7932953382389723900}
  m_LocalRotation: {x: 0, y: -0, z: -0, w: 1}
  m_LocalPosition: {x: -0.0001190052, y: -0.0019414913, z: 0.0730186}
  m_LocalScale: {x: 1, y: 1, z: 1}
  m_Children:
  - {fileID: 3524165887394091575}
  m_Father: {fileID: 6770330954764785056}
  m_RootOrder: 2
  m_LocalEulerAnglesHint: {x: 0, y: 0, z: 0}
--- !u!1 &7987811140265689056
GameObject:
  m_ObjectHideFlags: 0
  m_CorrespondingSourceObject: {fileID: 0}
  m_PrefabInstance: {fileID: 0}
  m_PrefabAsset: {fileID: 0}
  serializedVersion: 6
  m_Component:
  - component: {fileID: 7049863369038196669}
  - component: {fileID: 2451352808914777312}
  m_Layer: 8
  m_Name: Lesser_Demon
  m_TagString: Untagged
  m_Icon: {fileID: 0}
  m_NavMeshLayer: 0
  m_StaticEditorFlags: 0
  m_IsActive: 1
--- !u!4 &7049863369038196669
Transform:
  m_ObjectHideFlags: 0
  m_CorrespondingSourceObject: {fileID: 0}
  m_PrefabInstance: {fileID: 0}
  m_PrefabAsset: {fileID: 0}
  m_GameObject: {fileID: 7987811140265689056}
  m_LocalRotation: {x: 0, y: -0, z: -0, w: 1}
  m_LocalPosition: {x: -0, y: 0, z: 0}
  m_LocalScale: {x: 1, y: 1, z: 1}
  m_Children: []
  m_Father: {fileID: 6770330954764785056}
  m_RootOrder: 0
  m_LocalEulerAnglesHint: {x: 0, y: 0, z: 0}
--- !u!137 &2451352808914777312
SkinnedMeshRenderer:
  m_ObjectHideFlags: 0
  m_CorrespondingSourceObject: {fileID: 0}
  m_PrefabInstance: {fileID: 0}
  m_PrefabAsset: {fileID: 0}
  m_GameObject: {fileID: 7987811140265689056}
  m_Enabled: 1
  m_CastShadows: 1
  m_ReceiveShadows: 1
  m_DynamicOccludee: 1
  m_MotionVectors: 1
  m_LightProbeUsage: 1
  m_ReflectionProbeUsage: 1
  m_RenderingLayerMask: 1
  m_RendererPriority: 0
  m_Materials:
  - {fileID: 2100000, guid: a509ba60479979f4cbfce9ed5c027e42, type: 2}
  m_StaticBatchInfo:
    firstSubMesh: 0
    subMeshCount: 0
  m_StaticBatchRoot: {fileID: 0}
  m_ProbeAnchor: {fileID: 0}
  m_LightProbeVolumeOverride: {fileID: 0}
  m_ScaleInLightmap: 1
  m_PreserveUVs: 0
  m_IgnoreNormalsForChartDetection: 0
  m_ImportantGI: 0
  m_StitchLightmapSeams: 1
  m_SelectedEditorRenderState: 3
  m_MinimumChartSize: 4
  m_AutoUVMaxDistance: 0.5
  m_AutoUVMaxAngle: 89
  m_LightmapParameters: {fileID: 0}
  m_SortingLayerID: 0
  m_SortingLayer: 0
  m_SortingOrder: 0
  serializedVersion: 2
  m_Quality: 0
  m_UpdateWhenOffscreen: 0
  m_SkinnedMotionVectors: 1
  m_Mesh: {fileID: -698337994308768390, guid: 7f2621681fcf6c8498b9e5ef9a8541a9, type: 3}
  m_Bones:
  - {fileID: 3524165887394091575}
  - {fileID: 6512298401034714298}
  - {fileID: 4286003259935258469}
  - {fileID: 1176606436197928236}
  - {fileID: 185355105586952300}
  - {fileID: 3368548812532220913}
  - {fileID: 153974952657108124}
  - {fileID: 6781660793059389250}
  - {fileID: 7408852242548523614}
  - {fileID: 1027031850134687143}
  - {fileID: 1325158060473326890}
  - {fileID: 1284638133830119534}
  - {fileID: 3954800232689998525}
  - {fileID: 5684713304279717058}
  - {fileID: 7341146666817239953}
  - {fileID: 8636213335127387273}
  - {fileID: 4882285717425901226}
  - {fileID: 1724412360891140465}
  - {fileID: 5849495305644865767}
  - {fileID: 5732146575638407439}
  - {fileID: 3849993664223802675}
  - {fileID: 5407703496060675925}
  m_BlendShapeWeights: []
  m_RootBone: {fileID: 3524165887394091575}
  m_AABB:
    m_Center: {x: 0.046619028, y: 0.012076572, z: 0.12573749}
    m_Extent: {x: 1.0350081, y: 0.30668485, z: 0.87411743}
  m_DirtyAABB: 0
--- !u!1 &8020349280487406431
GameObject:
  m_ObjectHideFlags: 0
  m_CorrespondingSourceObject: {fileID: 0}
  m_PrefabInstance: {fileID: 0}
  m_PrefabAsset: {fileID: 0}
  serializedVersion: 6
  m_Component:
  - component: {fileID: 1724412360891140465}
  m_Layer: 8
  m_Name: QuickRigCharacter_RightArm
  m_TagString: Untagged
  m_Icon: {fileID: 0}
  m_NavMeshLayer: 0
  m_StaticEditorFlags: 0
  m_IsActive: 1
--- !u!4 &1724412360891140465
Transform:
  m_ObjectHideFlags: 0
  m_CorrespondingSourceObject: {fileID: 0}
  m_PrefabInstance: {fileID: 0}
  m_PrefabAsset: {fileID: 0}
  m_GameObject: {fileID: 8020349280487406431}
  m_LocalRotation: {x: 0.7244408, y: 0.38877046, z: -0.00013850094, w: 0.5692478}
  m_LocalPosition: {x: 0.1176983, y: -0.000000059301353, z: -0.0000000013279158}
  m_LocalScale: {x: 1, y: 1, z: 1}
  m_Children:
  - {fileID: 5849495305644865767}
  m_Father: {fileID: 4882285717425901226}
  m_RootOrder: 0
  m_LocalEulerAnglesHint: {x: 0, y: 0, z: 0}
--- !u!1 &8085338986849430357
GameObject:
  m_ObjectHideFlags: 0
  m_CorrespondingSourceObject: {fileID: 0}
  m_PrefabInstance: {fileID: 0}
  m_PrefabAsset: {fileID: 0}
  serializedVersion: 6
  m_Component:
  - component: {fileID: 5638041285003402585}
  m_Layer: 8
  m_Name: QuickRigCharacter_Ctrl_Reference
  m_TagString: Untagged
  m_Icon: {fileID: 0}
  m_NavMeshLayer: 0
  m_StaticEditorFlags: 0
  m_IsActive: 1
--- !u!4 &5638041285003402585
Transform:
  m_ObjectHideFlags: 0
  m_CorrespondingSourceObject: {fileID: 0}
  m_PrefabInstance: {fileID: 0}
  m_PrefabAsset: {fileID: 0}
  m_GameObject: {fileID: 8085338986849430357}
  m_LocalRotation: {x: 0, y: -0, z: -0, w: 1}
  m_LocalPosition: {x: -0.0001190052, y: -0.0019414913, z: 0.0730186}
  m_LocalScale: {x: 1, y: 1, z: 1}
  m_Children:
  - {fileID: 1004239714833050924}
  - {fileID: 5029842260380054656}
  - {fileID: 464211410430175507}
  - {fileID: 8004519502596862452}
  - {fileID: 6747952847406662680}
  - {fileID: 6340652338044593901}
  - {fileID: 8539191728562841236}
  - {fileID: 539413623832011319}
  - {fileID: 2114467054571781815}
  - {fileID: 1024421589266636797}
  - {fileID: 8250052704116913831}
  - {fileID: 2671559843807361257}
  - {fileID: 5400472124328186517}
  - {fileID: 1676669758721966913}
  - {fileID: 1735352525072984090}
  - {fileID: 3772218803308333702}
  - {fileID: 1710688543033781341}
  - {fileID: 2138359820365210035}
  - {fileID: 1135579984380229066}
  m_Father: {fileID: 6770330954764785056}
  m_RootOrder: 1
  m_LocalEulerAnglesHint: {x: 0, y: 0, z: 0}
--- !u!1 &8086778111792519322
GameObject:
  m_ObjectHideFlags: 0
  m_CorrespondingSourceObject: {fileID: 0}
  m_PrefabInstance: {fileID: 0}
  m_PrefabAsset: {fileID: 0}
  serializedVersion: 6
  m_Component:
  - component: {fileID: 185355105586952300}
  m_Layer: 8
  m_Name: QuickRigCharacter_LeftToeBase
  m_TagString: Untagged
  m_Icon: {fileID: 0}
  m_NavMeshLayer: 0
  m_StaticEditorFlags: 0
  m_IsActive: 1
--- !u!4 &185355105586952300
Transform:
  m_ObjectHideFlags: 0
  m_CorrespondingSourceObject: {fileID: 0}
  m_PrefabInstance: {fileID: 0}
  m_PrefabAsset: {fileID: 0}
  m_GameObject: {fileID: 8086778111792519322}
  m_LocalRotation: {x: 0, y: -0, z: -0, w: 1}
  m_LocalPosition: {x: -0.15772393, y: -0.000000042888733, z: 0.00000008759225}
  m_LocalScale: {x: 1, y: 1, z: 1}
  m_Children: []
  m_Father: {fileID: 1176606436197928236}
  m_RootOrder: 0
  m_LocalEulerAnglesHint: {x: 0, y: 0, z: 0}
--- !u!1 &8300737554301883904
GameObject:
  m_ObjectHideFlags: 0
  m_CorrespondingSourceObject: {fileID: 0}
  m_PrefabInstance: {fileID: 0}
  m_PrefabAsset: {fileID: 0}
  serializedVersion: 6
  m_Component:
  - component: {fileID: 2469564552298988870}
  m_Layer: 8
  m_Name: QuickRigCharacter_Ctrl_RightShoulder
  m_TagString: Untagged
  m_Icon: {fileID: 0}
  m_NavMeshLayer: 0
  m_StaticEditorFlags: 0
  m_IsActive: 1
--- !u!4 &2469564552298988870
Transform:
  m_ObjectHideFlags: 0
  m_CorrespondingSourceObject: {fileID: 0}
  m_PrefabInstance: {fileID: 0}
  m_PrefabAsset: {fileID: 0}
  m_GameObject: {fileID: 8300737554301883904}
  m_LocalRotation: {x: 1.3877788e-17, y: 2.7755576e-17, z: 2.6020852e-17, w: 1}
  m_LocalPosition: {x: 0.06304438, y: 0.15862274, z: 0.08870676}
  m_LocalScale: {x: 1, y: 1, z: 1}
  m_Children:
  - {fileID: 6886099769495086375}
  m_Father: {fileID: 4105759507695008045}
  m_RootOrder: 2
  m_LocalEulerAnglesHint: {x: 0, y: 0, z: 0}
--- !u!1 &8321135495186857818
GameObject:
  m_ObjectHideFlags: 0
  m_CorrespondingSourceObject: {fileID: 0}
  m_PrefabInstance: {fileID: 0}
  m_PrefabAsset: {fileID: 0}
  serializedVersion: 6
  m_Component:
  - component: {fileID: 8636213335127387273}
  m_Layer: 8
  m_Name: QuickRigCharacter_LeftHand
  m_TagString: Untagged
  m_Icon: {fileID: 0}
  m_NavMeshLayer: 0
  m_StaticEditorFlags: 0
  m_IsActive: 1
--- !u!4 &8636213335127387273
Transform:
  m_ObjectHideFlags: 0
  m_CorrespondingSourceObject: {fileID: 0}
  m_PrefabInstance: {fileID: 0}
  m_PrefabAsset: {fileID: 0}
  m_GameObject: {fileID: 8321135495186857818}
  m_LocalRotation: {x: 0, y: 0, z: 0.0000005910457, w: 1}
  m_LocalPosition: {x: -0.29644844, y: 0.000000024428378, z: -0.00000006884758}
  m_LocalScale: {x: 1, y: 1, z: 1}
  m_Children: []
  m_Father: {fileID: 7341146666817239953}
  m_RootOrder: 0
  m_LocalEulerAnglesHint: {x: 0, y: 0, z: 0}
--- !u!1 &8341178145727308085
GameObject:
  m_ObjectHideFlags: 0
  m_CorrespondingSourceObject: {fileID: 0}
  m_PrefabInstance: {fileID: 0}
  m_PrefabAsset: {fileID: 0}
  serializedVersion: 6
  m_Component:
  - component: {fileID: 4105759507695008045}
  m_Layer: 8
  m_Name: QuickRigCharacter_Ctrl_Spine2
  m_TagString: Untagged
  m_Icon: {fileID: 0}
  m_NavMeshLayer: 0
  m_StaticEditorFlags: 0
  m_IsActive: 1
--- !u!4 &4105759507695008045
Transform:
  m_ObjectHideFlags: 0
  m_CorrespondingSourceObject: {fileID: 0}
  m_PrefabInstance: {fileID: 0}
  m_PrefabAsset: {fileID: 0}
  m_GameObject: {fileID: 8341178145727308085}
  m_LocalRotation: {x: -1.4571677e-16, y: 9.623059e-17, z: -9.7981813e-17, w: 1}
  m_LocalPosition: {x: -0, y: 0.15161537, z: 0.0022945583}
  m_LocalScale: {x: 1, y: 1, z: 1}
  m_Children:
  - {fileID: 2550251257640182513}
  - {fileID: 1203578334181385059}
  - {fileID: 2469564552298988870}
  m_Father: {fileID: 6207488131387622981}
  m_RootOrder: 0
  m_LocalEulerAnglesHint: {x: 0, y: 0, z: 0}
--- !u!1 &8383846512604377844
GameObject:
  m_ObjectHideFlags: 0
  m_CorrespondingSourceObject: {fileID: 0}
  m_PrefabInstance: {fileID: 0}
  m_PrefabAsset: {fileID: 0}
  serializedVersion: 6
  m_Component:
  - component: {fileID: 7659916018482314240}
  m_Layer: 8
  m_Name: QuickRigCharacter_Ctrl_LeftHand
  m_TagString: Untagged
  m_Icon: {fileID: 0}
  m_NavMeshLayer: 0
  m_StaticEditorFlags: 0
  m_IsActive: 1
--- !u!4 &7659916018482314240
Transform:
  m_ObjectHideFlags: 0
  m_CorrespondingSourceObject: {fileID: 0}
  m_PrefabInstance: {fileID: 0}
  m_PrefabAsset: {fileID: 0}
  m_GameObject: {fileID: 8383846512604377844}
  m_LocalRotation: {x: -2.1949109e-13, y: -0.0000006137093, z: -0.00000035767133,
    w: 1}
  m_LocalPosition: {x: -0.2964483, y: 0, z: -5.551115e-19}
  m_LocalScale: {x: 1, y: 1, z: 1}
  m_Children: []
  m_Father: {fileID: 2467133627225682611}
  m_RootOrder: 0
  m_LocalEulerAnglesHint: {x: 0, y: 0, z: 0}
--- !u!1 &8417001124973190016
GameObject:
  m_ObjectHideFlags: 0
  m_CorrespondingSourceObject: {fileID: 0}
  m_PrefabInstance: {fileID: 0}
  m_PrefabAsset: {fileID: 0}
  serializedVersion: 6
  m_Component:
  - component: {fileID: 4882285717425901226}
  m_Layer: 8
  m_Name: QuickRigCharacter_RightShoulder
  m_TagString: Untagged
  m_Icon: {fileID: 0}
  m_NavMeshLayer: 0
  m_StaticEditorFlags: 0
  m_IsActive: 1
--- !u!4 &4882285717425901226
Transform:
  m_ObjectHideFlags: 0
  m_CorrespondingSourceObject: {fileID: 0}
  m_PrefabInstance: {fileID: 0}
  m_PrefabAsset: {fileID: 0}
  m_GameObject: {fileID: 8417001124973190016}
  m_LocalRotation: {x: 0.28993452, y: 0.2894202, z: -0.5944476, w: 0.69195807}
  m_LocalPosition: {x: -0.16849065, y: 0.068124585, z: -0.06304438}
  m_LocalScale: {x: 1, y: 1, z: 1}
  m_Children:
  - {fileID: 1724412360891140465}
  m_Father: {fileID: 1284638133830119534}
  m_RootOrder: 2
  m_LocalEulerAnglesHint: {x: 0, y: 0, z: 0}
--- !u!1 &8480031481699669981
GameObject:
  m_ObjectHideFlags: 0
  m_CorrespondingSourceObject: {fileID: 0}
  m_PrefabInstance: {fileID: 0}
  m_PrefabAsset: {fileID: 0}
  serializedVersion: 6
  m_Component:
  - component: {fileID: 1024421589266636797}
  m_Layer: 8
  m_Name: QuickRigCharacter_Ctrl_LeftKneeEffector
  m_TagString: Untagged
  m_Icon: {fileID: 0}
  m_NavMeshLayer: 0
  m_StaticEditorFlags: 0
  m_IsActive: 1
--- !u!4 &1024421589266636797
Transform:
  m_ObjectHideFlags: 0
  m_CorrespondingSourceObject: {fileID: 0}
  m_PrefabInstance: {fileID: 0}
  m_PrefabAsset: {fileID: 0}
  m_GameObject: {fileID: 8480031481699669981}
  m_LocalRotation: {x: 0.054949336, y: 0.009068854, z: -0.04397031, w: 0.9974793}
  m_LocalPosition: {x: -0.1238555, y: 0.51803374, z: -0.058526285}
  m_LocalScale: {x: 1, y: 1, z: 1}
  m_Children: []
  m_Father: {fileID: 5638041285003402585}
  m_RootOrder: 9
  m_LocalEulerAnglesHint: {x: 0, y: 0, z: 0}
--- !u!1 &8641987588272019278
GameObject:
  m_ObjectHideFlags: 0
  m_CorrespondingSourceObject: {fileID: 0}
  m_PrefabInstance: {fileID: 0}
  m_PrefabAsset: {fileID: 0}
  serializedVersion: 6
  m_Component:
  - component: {fileID: 8250052704116913831}
  m_Layer: 8
  m_Name: QuickRigCharacter_Ctrl_LeftShoulderEffector
  m_TagString: Untagged
  m_Icon: {fileID: 0}
  m_NavMeshLayer: 0
  m_StaticEditorFlags: 0
  m_IsActive: 1
--- !u!4 &8250052704116913831
Transform:
  m_ObjectHideFlags: 0
  m_CorrespondingSourceObject: {fileID: 0}
  m_PrefabInstance: {fileID: 0}
  m_PrefabAsset: {fileID: 0}
  m_GameObject: {fileID: 8641987588272019278}
  m_LocalRotation: {x: 0.014963403, y: -0.03771605, z: 0.32238024, w: 0.9457403}
  m_LocalPosition: {x: -0.15075728, y: 1.5160556, z: -0.07049778}
  m_LocalScale: {x: 1, y: 1, z: 1}
  m_Children: []
  m_Father: {fileID: 5638041285003402585}
  m_RootOrder: 10
  m_LocalEulerAnglesHint: {x: 0, y: 0, z: 0}
--- !u!1 &8661839405553129887
GameObject:
  m_ObjectHideFlags: 0
  m_CorrespondingSourceObject: {fileID: 0}
  m_PrefabInstance: {fileID: 0}
  m_PrefabAsset: {fileID: 0}
  serializedVersion: 6
  m_Component:
  - component: {fileID: 6747952847406662680}
  m_Layer: 8
  m_Name: QuickRigCharacter_Ctrl_HipsEffector
  m_TagString: Untagged
  m_Icon: {fileID: 0}
  m_NavMeshLayer: 0
  m_StaticEditorFlags: 0
  m_IsActive: 1
--- !u!4 &6747952847406662680
Transform:
  m_ObjectHideFlags: 0
  m_CorrespondingSourceObject: {fileID: 0}
  m_PrefabInstance: {fileID: 0}
  m_PrefabAsset: {fileID: 0}
  m_GameObject: {fileID: 8661839405553129887}
  m_LocalRotation: {x: 1.4163847e-16, y: 2.7415802e-32, z: -1.110223e-16, w: 1}
  m_LocalPosition: {x: -0.0000000038184225, y: 0.91305465, z: -0.05941593}
  m_LocalScale: {x: 1, y: 1, z: 1}
  m_Children: []
  m_Father: {fileID: 5638041285003402585}
  m_RootOrder: 4
  m_LocalEulerAnglesHint: {x: 0, y: 0, z: 0}
--- !u!1 &8703786925873223943
GameObject:
  m_ObjectHideFlags: 0
  m_CorrespondingSourceObject: {fileID: 0}
  m_PrefabInstance: {fileID: 0}
  m_PrefabAsset: {fileID: 0}
  serializedVersion: 6
  m_Component:
  - component: {fileID: 8060994718200400262}
  m_Layer: 8
  m_Name: QuickRigCharacter_Ctrl_RightFoot
  m_TagString: Untagged
  m_Icon: {fileID: 0}
  m_NavMeshLayer: 0
  m_StaticEditorFlags: 0
  m_IsActive: 1
--- !u!4 &8060994718200400262
Transform:
  m_ObjectHideFlags: 0
  m_CorrespondingSourceObject: {fileID: 0}
  m_PrefabInstance: {fileID: 0}
  m_PrefabAsset: {fileID: 0}
  m_GameObject: {fileID: 8703786925873223943}
  m_LocalRotation: {x: -0.05548599, y: -0.013552102, z: -0.058973722, w: 0.99662423}
  m_LocalPosition: {x: -0.000000009536743, y: -0.4168092, z: 0}
  m_LocalScale: {x: 1, y: 1, z: 1}
  m_Children:
  - {fileID: 1241404057718194108}
  m_Father: {fileID: 7086520943386688821}
  m_RootOrder: 0
  m_LocalEulerAnglesHint: {x: 0, y: 0, z: 0}
--- !u!1 &8798175494684283202
GameObject:
  m_ObjectHideFlags: 0
  m_CorrespondingSourceObject: {fileID: 0}
  m_PrefabInstance: {fileID: 0}
  m_PrefabAsset: {fileID: 0}
  serializedVersion: 6
  m_Component:
  - component: {fileID: 2467133627225682611}
  m_Layer: 8
  m_Name: QuickRigCharacter_Ctrl_LeftForeArm
  m_TagString: Untagged
  m_Icon: {fileID: 0}
  m_NavMeshLayer: 0
  m_StaticEditorFlags: 0
  m_IsActive: 1
--- !u!4 &2467133627225682611
Transform:
  m_ObjectHideFlags: 0
  m_CorrespondingSourceObject: {fileID: 0}
  m_PrefabInstance: {fileID: 0}
  m_PrefabAsset: {fileID: 0}
  m_GameObject: {fileID: 8798175494684283202}
  m_LocalRotation: {x: -0.0000035049588, y: 0.08261682, z: 0.000043030712, w: 0.9965814}
  m_LocalPosition: {x: -0.3079407, y: 0, z: 0}
  m_LocalScale: {x: 1, y: 1, z: 1}
  m_Children:
  - {fileID: 7659916018482314240}
  m_Father: {fileID: 3681582313918363199}
  m_RootOrder: 0
  m_LocalEulerAnglesHint: {x: 0, y: 0, z: 0}
--- !u!1001 &286724378011891058
PrefabInstance:
  m_ObjectHideFlags: 0
  serializedVersion: 2
  m_Modification:
    m_TransformParent: {fileID: 2671559843807361257}
    m_Modifications:
    - target: {fileID: 4360647890359954611, guid: 72d9e47a1cd09ea4f97fdbbf5b74e9b5,
        type: 3}
      propertyPath: m_Name
      value: Steamon_Trails
      objectReference: {fileID: 0}
    - target: {fileID: 4734158066644115141, guid: 72d9e47a1cd09ea4f97fdbbf5b74e9b5,
        type: 3}
      propertyPath: m_LocalPosition.x
      value: 0
      objectReference: {fileID: 0}
    - target: {fileID: 4734158066644115141, guid: 72d9e47a1cd09ea4f97fdbbf5b74e9b5,
        type: 3}
      propertyPath: m_LocalPosition.y
      value: 0
      objectReference: {fileID: 0}
    - target: {fileID: 4734158066644115141, guid: 72d9e47a1cd09ea4f97fdbbf5b74e9b5,
        type: 3}
      propertyPath: m_LocalPosition.z
      value: 0
      objectReference: {fileID: 0}
    - target: {fileID: 4734158066644115141, guid: 72d9e47a1cd09ea4f97fdbbf5b74e9b5,
        type: 3}
      propertyPath: m_LocalRotation.x
      value: 0
      objectReference: {fileID: 0}
    - target: {fileID: 4734158066644115141, guid: 72d9e47a1cd09ea4f97fdbbf5b74e9b5,
        type: 3}
      propertyPath: m_LocalRotation.y
      value: 0
      objectReference: {fileID: 0}
    - target: {fileID: 4734158066644115141, guid: 72d9e47a1cd09ea4f97fdbbf5b74e9b5,
        type: 3}
      propertyPath: m_LocalRotation.z
      value: 0
      objectReference: {fileID: 0}
    - target: {fileID: 4734158066644115141, guid: 72d9e47a1cd09ea4f97fdbbf5b74e9b5,
        type: 3}
      propertyPath: m_LocalRotation.w
      value: 1
      objectReference: {fileID: 0}
    - target: {fileID: 4734158066644115141, guid: 72d9e47a1cd09ea4f97fdbbf5b74e9b5,
        type: 3}
      propertyPath: m_RootOrder
      value: 1
      objectReference: {fileID: 0}
    - target: {fileID: 4734158066644115141, guid: 72d9e47a1cd09ea4f97fdbbf5b74e9b5,
        type: 3}
      propertyPath: m_LocalEulerAnglesHint.x
      value: 0
      objectReference: {fileID: 0}
    - target: {fileID: 4734158066644115141, guid: 72d9e47a1cd09ea4f97fdbbf5b74e9b5,
        type: 3}
      propertyPath: m_LocalEulerAnglesHint.y
      value: 0
      objectReference: {fileID: 0}
    - target: {fileID: 4734158066644115141, guid: 72d9e47a1cd09ea4f97fdbbf5b74e9b5,
        type: 3}
      propertyPath: m_LocalEulerAnglesHint.z
      value: 0
      objectReference: {fileID: 0}
    m_RemovedComponents: []
  m_SourcePrefab: {fileID: 100100000, guid: 72d9e47a1cd09ea4f97fdbbf5b74e9b5, type: 3}
--- !u!4 &4776557652442917815 stripped
Transform:
  m_CorrespondingSourceObject: {fileID: 4734158066644115141, guid: 72d9e47a1cd09ea4f97fdbbf5b74e9b5,
    type: 3}
  m_PrefabInstance: {fileID: 286724378011891058}
  m_PrefabAsset: {fileID: 0}
--- !u!1 &4575239864213166529 stripped
GameObject:
  m_CorrespondingSourceObject: {fileID: 4360647890359954611, guid: 72d9e47a1cd09ea4f97fdbbf5b74e9b5,
    type: 3}
  m_PrefabInstance: {fileID: 286724378011891058}
  m_PrefabAsset: {fileID: 0}
--- !u!1001 &570088337835927037
PrefabInstance:
  m_ObjectHideFlags: 0
  serializedVersion: 2
  m_Modification:
    m_TransformParent: {fileID: 2671559843807361257}
    m_Modifications:
    - target: {fileID: 1115483538143595535, guid: 95f3cd3b425c5764980658a3470c0e7d,
        type: 3}
      propertyPath: m_Name
      value: Spark
      objectReference: {fileID: 0}
    - target: {fileID: 3351971783215842416, guid: 95f3cd3b425c5764980658a3470c0e7d,
        type: 3}
      propertyPath: m_LocalPosition.x
      value: -0.412
      objectReference: {fileID: 0}
    - target: {fileID: 3351971783215842416, guid: 95f3cd3b425c5764980658a3470c0e7d,
        type: 3}
      propertyPath: m_LocalPosition.y
      value: -0.206
      objectReference: {fileID: 0}
    - target: {fileID: 3351971783215842416, guid: 95f3cd3b425c5764980658a3470c0e7d,
        type: 3}
      propertyPath: m_LocalPosition.z
      value: 0.092
      objectReference: {fileID: 0}
    - target: {fileID: 3351971783215842416, guid: 95f3cd3b425c5764980658a3470c0e7d,
        type: 3}
      propertyPath: m_LocalRotation.x
      value: 0
      objectReference: {fileID: 0}
    - target: {fileID: 3351971783215842416, guid: 95f3cd3b425c5764980658a3470c0e7d,
        type: 3}
      propertyPath: m_LocalRotation.y
      value: 0
      objectReference: {fileID: 0}
    - target: {fileID: 3351971783215842416, guid: 95f3cd3b425c5764980658a3470c0e7d,
        type: 3}
      propertyPath: m_LocalRotation.z
      value: 0
      objectReference: {fileID: 0}
    - target: {fileID: 3351971783215842416, guid: 95f3cd3b425c5764980658a3470c0e7d,
        type: 3}
      propertyPath: m_LocalRotation.w
      value: 1
      objectReference: {fileID: 0}
    - target: {fileID: 3351971783215842416, guid: 95f3cd3b425c5764980658a3470c0e7d,
        type: 3}
      propertyPath: m_RootOrder
      value: 0
      objectReference: {fileID: 0}
    - target: {fileID: 3351971783215842416, guid: 95f3cd3b425c5764980658a3470c0e7d,
        type: 3}
      propertyPath: m_LocalEulerAnglesHint.x
      value: -90
      objectReference: {fileID: 0}
    - target: {fileID: 3351971783215842416, guid: 95f3cd3b425c5764980658a3470c0e7d,
        type: 3}
      propertyPath: m_LocalEulerAnglesHint.y
      value: 0
      objectReference: {fileID: 0}
    - target: {fileID: 3351971783215842416, guid: 95f3cd3b425c5764980658a3470c0e7d,
        type: 3}
      propertyPath: m_LocalEulerAnglesHint.z
      value: 0
      objectReference: {fileID: 0}
    m_RemovedComponents: []
  m_SourcePrefab: {fileID: 100100000, guid: 95f3cd3b425c5764980658a3470c0e7d, type: 3}
--- !u!198 &216169479397742401 stripped
ParticleSystem:
  m_CorrespondingSourceObject: {fileID: 366657087344030396, guid: 95f3cd3b425c5764980658a3470c0e7d,
    type: 3}
  m_PrefabInstance: {fileID: 570088337835927037}
  m_PrefabAsset: {fileID: 0}
--- !u!4 &2985258462985527693 stripped
Transform:
  m_CorrespondingSourceObject: {fileID: 3351971783215842416, guid: 95f3cd3b425c5764980658a3470c0e7d,
    type: 3}
  m_PrefabInstance: {fileID: 570088337835927037}
  m_PrefabAsset: {fileID: 0}
--- !u!1001 &1669391804913349311
PrefabInstance:
  m_ObjectHideFlags: 0
  serializedVersion: 2
  m_Modification:
    m_TransformParent: {fileID: 1766801496930772592}
    m_Modifications:
    - target: {fileID: 6181284939519202565, guid: 6f67ccf6e9b6a7b43a1333d5617a0634,
        type: 3}
      propertyPath: m_Name
      value: EnemyHealth
      objectReference: {fileID: 0}
    - target: {fileID: 5273034088741459556, guid: 6f67ccf6e9b6a7b43a1333d5617a0634,
        type: 3}
      propertyPath: m_AnchorMax.x
      value: 0
      objectReference: {fileID: 0}
    - target: {fileID: 5273034088741459556, guid: 6f67ccf6e9b6a7b43a1333d5617a0634,
        type: 3}
      propertyPath: m_AnchorMax.y
      value: 0
      objectReference: {fileID: 0}
    - target: {fileID: 3801195404204172572, guid: 6f67ccf6e9b6a7b43a1333d5617a0634,
        type: 3}
      propertyPath: m_LocalPosition.x
      value: 0
      objectReference: {fileID: 0}
    - target: {fileID: 3801195404204172572, guid: 6f67ccf6e9b6a7b43a1333d5617a0634,
        type: 3}
      propertyPath: m_LocalPosition.y
      value: 0
      objectReference: {fileID: 0}
    - target: {fileID: 3801195404204172572, guid: 6f67ccf6e9b6a7b43a1333d5617a0634,
        type: 3}
      propertyPath: m_LocalPosition.z
      value: 0
      objectReference: {fileID: 0}
    - target: {fileID: 3801195404204172572, guid: 6f67ccf6e9b6a7b43a1333d5617a0634,
        type: 3}
      propertyPath: m_LocalRotation.x
      value: -0
      objectReference: {fileID: 0}
    - target: {fileID: 3801195404204172572, guid: 6f67ccf6e9b6a7b43a1333d5617a0634,
        type: 3}
      propertyPath: m_LocalRotation.y
      value: -0
      objectReference: {fileID: 0}
    - target: {fileID: 3801195404204172572, guid: 6f67ccf6e9b6a7b43a1333d5617a0634,
        type: 3}
      propertyPath: m_LocalRotation.z
      value: -0
      objectReference: {fileID: 0}
    - target: {fileID: 3801195404204172572, guid: 6f67ccf6e9b6a7b43a1333d5617a0634,
        type: 3}
      propertyPath: m_LocalRotation.w
      value: 1
      objectReference: {fileID: 0}
    - target: {fileID: 3801195404204172572, guid: 6f67ccf6e9b6a7b43a1333d5617a0634,
        type: 3}
      propertyPath: m_RootOrder
      value: 2
      objectReference: {fileID: 0}
    - target: {fileID: 3801195404204172572, guid: 6f67ccf6e9b6a7b43a1333d5617a0634,
        type: 3}
      propertyPath: m_LocalEulerAnglesHint.x
      value: 0
      objectReference: {fileID: 0}
    - target: {fileID: 3801195404204172572, guid: 6f67ccf6e9b6a7b43a1333d5617a0634,
        type: 3}
      propertyPath: m_LocalEulerAnglesHint.y
      value: 0
      objectReference: {fileID: 0}
    - target: {fileID: 3801195404204172572, guid: 6f67ccf6e9b6a7b43a1333d5617a0634,
        type: 3}
      propertyPath: m_LocalEulerAnglesHint.z
      value: 0
      objectReference: {fileID: 0}
    - target: {fileID: 3801195404204172572, guid: 6f67ccf6e9b6a7b43a1333d5617a0634,
        type: 3}
      propertyPath: m_AnchoredPosition.x
      value: 0
      objectReference: {fileID: 0}
    - target: {fileID: 3801195404204172572, guid: 6f67ccf6e9b6a7b43a1333d5617a0634,
        type: 3}
      propertyPath: m_AnchoredPosition.y
      value: 1.544
      objectReference: {fileID: 0}
    - target: {fileID: 3801195404204172572, guid: 6f67ccf6e9b6a7b43a1333d5617a0634,
        type: 3}
      propertyPath: m_SizeDelta.x
      value: 1000
      objectReference: {fileID: 0}
    - target: {fileID: 3801195404204172572, guid: 6f67ccf6e9b6a7b43a1333d5617a0634,
        type: 3}
      propertyPath: m_SizeDelta.y
      value: 200
      objectReference: {fileID: 0}
    - target: {fileID: 3801195404204172572, guid: 6f67ccf6e9b6a7b43a1333d5617a0634,
        type: 3}
      propertyPath: m_AnchorMin.x
      value: 0
      objectReference: {fileID: 0}
    - target: {fileID: 3801195404204172572, guid: 6f67ccf6e9b6a7b43a1333d5617a0634,
        type: 3}
      propertyPath: m_AnchorMin.y
      value: 0
      objectReference: {fileID: 0}
    - target: {fileID: 3801195404204172572, guid: 6f67ccf6e9b6a7b43a1333d5617a0634,
        type: 3}
      propertyPath: m_AnchorMax.x
      value: 0
      objectReference: {fileID: 0}
    - target: {fileID: 3801195404204172572, guid: 6f67ccf6e9b6a7b43a1333d5617a0634,
        type: 3}
      propertyPath: m_AnchorMax.y
      value: 0
      objectReference: {fileID: 0}
    - target: {fileID: 3801195404204172572, guid: 6f67ccf6e9b6a7b43a1333d5617a0634,
        type: 3}
      propertyPath: m_Pivot.x
      value: 0.5
      objectReference: {fileID: 0}
    - target: {fileID: 3801195404204172572, guid: 6f67ccf6e9b6a7b43a1333d5617a0634,
        type: 3}
      propertyPath: m_Pivot.y
      value: 0.5
      objectReference: {fileID: 0}
    m_RemovedComponents: []
  m_SourcePrefab: {fileID: 100100000, guid: 6f67ccf6e9b6a7b43a1333d5617a0634, type: 3}
--- !u!224 &2587968986727651235 stripped
RectTransform:
  m_CorrespondingSourceObject: {fileID: 3801195404204172572, guid: 6f67ccf6e9b6a7b43a1333d5617a0634,
    type: 3}
  m_PrefabInstance: {fileID: 1669391804913349311}
  m_PrefabAsset: {fileID: 0}
--- !u!114 &100221505597213786 stripped
MonoBehaviour:
  m_CorrespondingSourceObject: {fileID: 1607452936432320229, guid: 6f67ccf6e9b6a7b43a1333d5617a0634,
    type: 3}
  m_PrefabInstance: {fileID: 1669391804913349311}
  m_PrefabAsset: {fileID: 0}
  m_GameObject: {fileID: 0}
  m_Enabled: 1
  m_EditorHideFlags: 0
  m_Script: {fileID: 11500000, guid: 325f302a871d73f40a8433fcded87f27, type: 3}
  m_Name: 
  m_EditorClassIdentifier: 
