%YAML 1.1
%TAG !u! tag:unity3d.com,2011:
--- !u!1 &3319101985813960064
GameObject:
  m_ObjectHideFlags: 0
  m_CorrespondingSourceObject: {fileID: 0}
  m_PrefabInstance: {fileID: 0}
  m_PrefabAsset: {fileID: 0}
  serializedVersion: 6
  m_Component:
  - component: {fileID: 9726494523189103}
  m_Layer: 0
  m_Name: wall_temple_01_prefab
  m_TagString: Untagged
  m_Icon: {fileID: 0}
  m_NavMeshLayer: 0
  m_StaticEditorFlags: 0
  m_IsActive: 1
--- !u!4 &9726494523189103
Transform:
  m_ObjectHideFlags: 0
  m_CorrespondingSourceObject: {fileID: 0}
  m_PrefabInstance: {fileID: 0}
  m_PrefabAsset: {fileID: 0}
  m_GameObject: {fileID: 3319101985813960064}
  m_LocalRotation: {x: 0, y: 0, z: 0, w: 1}
  m_LocalPosition: {x: 0, y: 0, z: 0}
  m_LocalScale: {x: 1, y: 1, z: 1}
  m_Children:
  - {fileID: 7176529912903395478}
  - {fileID: 816838102013168404}
  m_Father: {fileID: 0}
  m_RootOrder: 0
  m_LocalEulerAnglesHint: {x: 0, y: 0, z: 0}
--- !u!208 &2549179943485374637
NavMeshObstacle:
  m_ObjectHideFlags: 0
  m_CorrespondingSourceObject: {fileID: 0}
  m_PrefabInstance: {fileID: 0}
  m_PrefabAsset: {fileID: 0}
  m_GameObject: {fileID: 6179921885099498117}
  m_Enabled: 1
  serializedVersion: 3
  m_Shape: 1
  m_Extents: {x: 250.00002, y: 100.00001, z: 25.000002}
  m_MoveThreshold: 0.1
  m_Carve: 0
  m_CarveOnlyStationary: 1
  m_Center: {x: 0, y: 0, z: 0}
  m_TimeToStationary: 0.5
--- !u!65 &2567257815665488925
BoxCollider:
  m_ObjectHideFlags: 0
  m_CorrespondingSourceObject: {fileID: 0}
  m_PrefabInstance: {fileID: 0}
  m_PrefabAsset: {fileID: 0}
  m_GameObject: {fileID: 6179921885099498117}
  m_Material: {fileID: 0}
  m_IsTrigger: 0
  m_Enabled: 1
  serializedVersion: 2
  m_Size: {x: 500, y: 200, z: 50}
  m_Center: {x: 0, y: 0, z: 0}
--- !u!1001 &2801963685219386252
PrefabInstance:
  m_ObjectHideFlags: 0
  serializedVersion: 2
  m_Modification:
    m_TransformParent: {fileID: 9726494523189103}
    m_Modifications:
    - target: {fileID: -927199367670048503, guid: 35688accb457686459092cda889e75ff,
        type: 3}
      propertyPath: m_Name
      value: wall_temple_01_model
      objectReference: {fileID: 0}
    - target: {fileID: -4216859302048453862, guid: 35688accb457686459092cda889e75ff,
        type: 3}
      propertyPath: m_LocalPosition.x
      value: 0
      objectReference: {fileID: 0}
    - target: {fileID: -4216859302048453862, guid: 35688accb457686459092cda889e75ff,
        type: 3}
      propertyPath: m_LocalPosition.y
      value: 1.4
      objectReference: {fileID: 0}
    - target: {fileID: -4216859302048453862, guid: 35688accb457686459092cda889e75ff,
        type: 3}
      propertyPath: m_LocalPosition.z
      value: 0.3125
      objectReference: {fileID: 0}
    - target: {fileID: -4216859302048453862, guid: 35688accb457686459092cda889e75ff,
        type: 3}
      propertyPath: m_LocalRotation.x
      value: -0
      objectReference: {fileID: 0}
    - target: {fileID: -4216859302048453862, guid: 35688accb457686459092cda889e75ff,
        type: 3}
      propertyPath: m_LocalRotation.y
      value: -0
      objectReference: {fileID: 0}
    - target: {fileID: -4216859302048453862, guid: 35688accb457686459092cda889e75ff,
        type: 3}
      propertyPath: m_LocalRotation.z
      value: -0
      objectReference: {fileID: 0}
    - target: {fileID: -4216859302048453862, guid: 35688accb457686459092cda889e75ff,
        type: 3}
      propertyPath: m_LocalRotation.w
      value: 1
      objectReference: {fileID: 0}
    - target: {fileID: -4216859302048453862, guid: 35688accb457686459092cda889e75ff,
        type: 3}
      propertyPath: m_RootOrder
      value: 0
      objectReference: {fileID: 0}
    - target: {fileID: -4216859302048453862, guid: 35688accb457686459092cda889e75ff,
        type: 3}
      propertyPath: m_LocalEulerAnglesHint.x
      value: 0
      objectReference: {fileID: 0}
    - target: {fileID: -4216859302048453862, guid: 35688accb457686459092cda889e75ff,
        type: 3}
      propertyPath: m_LocalEulerAnglesHint.y
      value: 0
      objectReference: {fileID: 0}
    - target: {fileID: -4216859302048453862, guid: 35688accb457686459092cda889e75ff,
        type: 3}
      propertyPath: m_LocalEulerAnglesHint.z
      value: 0
      objectReference: {fileID: 0}
    - target: {fileID: -4216859302048453862, guid: 35688accb457686459092cda889e75ff,
        type: 3}
      propertyPath: m_LocalScale.x
      value: 0.011499999
      objectReference: {fileID: 0}
    - target: {fileID: -4216859302048453862, guid: 35688accb457686459092cda889e75ff,
        type: 3}
      propertyPath: m_LocalScale.y
      value: 0.0139999995
      objectReference: {fileID: 0}
    - target: {fileID: -4216859302048453862, guid: 35688accb457686459092cda889e75ff,
        type: 3}
      propertyPath: m_LocalScale.z
      value: 0.012499999
      objectReference: {fileID: 0}
    - target: {fileID: -1504981713932161579, guid: 35688accb457686459092cda889e75ff,
        type: 3}
      propertyPath: m_Materials.Array.data[0]
      value: 
      objectReference: {fileID: 2100000, guid: 4a906eee65fd078449a88c4c5031efe6, type: 2}
    m_RemovedComponents: []
  m_SourcePrefab: {fileID: 100100000, guid: 35688accb457686459092cda889e75ff, type: 3}
--- !u!1 &6179921885099498117 stripped
GameObject:
  m_CorrespondingSourceObject: {fileID: -927199367670048503, guid: 35688accb457686459092cda889e75ff,
    type: 3}
  m_PrefabInstance: {fileID: 2801963685219386252}
  m_PrefabAsset: {fileID: 0}
--- !u!4 &7176529912903395478 stripped
Transform:
  m_CorrespondingSourceObject: {fileID: -4216859302048453862, guid: 35688accb457686459092cda889e75ff,
    type: 3}
  m_PrefabInstance: {fileID: 2801963685219386252}
  m_PrefabAsset: {fileID: 0}
--- !u!1001 &7767096442899872782
PrefabInstance:
  m_ObjectHideFlags: 0
  serializedVersion: 2
  m_Modification:
    m_TransformParent: {fileID: 9726494523189103}
    m_Modifications:
    - target: {fileID: 1903928644877783011, guid: 6b2907fbd8a7bb54db55d23e493655af,
        type: 3}
      propertyPath: m_Name
      value: wall_addition_torches_temple_prefab
      objectReference: {fileID: 0}
    - target: {fileID: 6962486946010560282, guid: 6b2907fbd8a7bb54db55d23e493655af,
        type: 3}
      propertyPath: m_LocalPosition.x
      value: 0
      objectReference: {fileID: 0}
    - target: {fileID: 6962486946010560282, guid: 6b2907fbd8a7bb54db55d23e493655af,
        type: 3}
      propertyPath: m_LocalPosition.y
      value: 1.25
      objectReference: {fileID: 0}
    - target: {fileID: 6962486946010560282, guid: 6b2907fbd8a7bb54db55d23e493655af,
        type: 3}
      propertyPath: m_LocalPosition.z
      value: 0.63
      objectReference: {fileID: 0}
    - target: {fileID: 6962486946010560282, guid: 6b2907fbd8a7bb54db55d23e493655af,
        type: 3}
      propertyPath: m_LocalRotation.x
      value: 0
      objectReference: {fileID: 0}
    - target: {fileID: 6962486946010560282, guid: 6b2907fbd8a7bb54db55d23e493655af,
        type: 3}
      propertyPath: m_LocalRotation.y
      value: 0.7071068
      objectReference: {fileID: 0}
    - target: {fileID: 6962486946010560282, guid: 6b2907fbd8a7bb54db55d23e493655af,
        type: 3}
      propertyPath: m_LocalRotation.z
      value: 0
      objectReference: {fileID: 0}
    - target: {fileID: 6962486946010560282, guid: 6b2907fbd8a7bb54db55d23e493655af,
        type: 3}
      propertyPath: m_LocalRotation.w
      value: 0.7071068
      objectReference: {fileID: 0}
    - target: {fileID: 6962486946010560282, guid: 6b2907fbd8a7bb54db55d23e493655af,
        type: 3}
      propertyPath: m_RootOrder
      value: 1
      objectReference: {fileID: 0}
    - target: {fileID: 6962486946010560282, guid: 6b2907fbd8a7bb54db55d23e493655af,
        type: 3}
      propertyPath: m_LocalEulerAnglesHint.x
      value: 0
      objectReference: {fileID: 0}
    - target: {fileID: 6962486946010560282, guid: 6b2907fbd8a7bb54db55d23e493655af,
        type: 3}
      propertyPath: m_LocalEulerAnglesHint.y
      value: 90
      objectReference: {fileID: 0}
    - target: {fileID: 6962486946010560282, guid: 6b2907fbd8a7bb54db55d23e493655af,
        type: 3}
      propertyPath: m_LocalEulerAnglesHint.z
      value: 0
      objectReference: {fileID: 0}
    m_RemovedComponents: []
  m_SourcePrefab: {fileID: 100100000, guid: 6b2907fbd8a7bb54db55d23e493655af, type: 3}
--- !u!4 &816838102013168404 stripped
Transform:
  m_CorrespondingSourceObject: {fileID: 6962486946010560282, guid: 6b2907fbd8a7bb54db55d23e493655af,
    type: 3}
  m_PrefabInstance: {fileID: 7767096442899872782}
  m_PrefabAsset: {fileID: 0}
