%YAML 1.1
%TAG !u! tag:unity3d.com,2011:
--- !u!29 &1
OcclusionCullingSettings:
  m_ObjectHideFlags: 0
  serializedVersion: 2
  m_OcclusionBakeSettings:
    smallestOccluder: 5
    smallestHole: 0.25
    backfaceThreshold: 100
  m_SceneGUID: 00000000000000000000000000000000
  m_OcclusionCullingData: {fileID: 0}
--- !u!104 &2
RenderSettings:
  m_ObjectHideFlags: 0
  serializedVersion: 9
  m_Fog: 0
  m_FogColor: {r: 0.2264151, g: 0.2264151, b: 0.2264151, a: 1}
  m_FogMode: 1
  m_FogDensity: 0.01
  m_LinearFogStart: 0
  m_LinearFogEnd: 100
  m_AmbientSkyColor: {r: 0.085, g: 0.08875, b: 0.1, a: 1}
  m_AmbientEquatorColor: {r: 0.114, g: 0.125, b: 0.133, a: 1}
  m_AmbientGroundColor: {r: 0.047, g: 0.043, b: 0.035, a: 1}
  m_AmbientIntensity: 1
  m_AmbientMode: 0
  m_SubtractiveShadowColor: {r: 0.42, g: 0.478, b: 0.627, a: 1}
  m_SkyboxMaterial: {fileID: 0}
  m_HaloStrength: 0.5
  m_FlareStrength: 1
  m_FlareFadeSpeed: 3
  m_HaloTexture: {fileID: 0}
  m_SpotCookie: {fileID: 10001, guid: 0000000000000000e000000000000000, type: 0}
  m_DefaultReflectionMode: 0
  m_DefaultReflectionResolution: 128
  m_ReflectionBounces: 1
  m_ReflectionIntensity: 1
  m_CustomReflection: {fileID: 0}
  m_Sun: {fileID: 170076734}
  m_IndirectSpecularColor: {r: 0, g: 0, b: 0, a: 1}
  m_UseRadianceAmbientProbe: 0
--- !u!157 &3
LightmapSettings:
  m_ObjectHideFlags: 0
  serializedVersion: 11
  m_GIWorkflowMode: 0
  m_GISettings:
    serializedVersion: 2
    m_BounceScale: 1
    m_IndirectOutputScale: 1
    m_AlbedoBoost: 1
    m_EnvironmentLightingMode: 0
    m_EnableBakedLightmaps: 0
    m_EnableRealtimeLightmaps: 0
  m_LightmapEditorSettings:
    serializedVersion: 12
    m_Resolution: 2
    m_BakeResolution: 10
    m_AtlasSize: 512
    m_AO: 0
    m_AOMaxDistance: 1
    m_CompAOExponent: 1
    m_CompAOExponentDirect: 0
    m_ExtractAmbientOcclusion: 0
    m_Padding: 2
    m_LightmapParameters: {fileID: 0}
    m_LightmapsBakeMode: 1
    m_TextureCompression: 1
    m_FinalGather: 0
    m_FinalGatherFiltering: 1
    m_FinalGatherRayCount: 256
    m_ReflectionCompression: 2
    m_MixedBakeMode: 2
    m_BakeBackend: 1
    m_PVRSampling: 1
    m_PVRDirectSampleCount: 32
    m_PVRSampleCount: 256
    m_PVRBounces: 2
    m_PVREnvironmentSampleCount: 256
    m_PVREnvironmentReferencePointCount: 2048
    m_PVRFilteringMode: 2
    m_PVRDenoiserTypeDirect: 0
    m_PVRDenoiserTypeIndirect: 0
    m_PVRDenoiserTypeAO: 0
    m_PVRFilterTypeDirect: 0
    m_PVRFilterTypeIndirect: 0
    m_PVRFilterTypeAO: 0
    m_PVREnvironmentMIS: 0
    m_PVRCulling: 1
    m_PVRFilteringGaussRadiusDirect: 1
    m_PVRFilteringGaussRadiusIndirect: 5
    m_PVRFilteringGaussRadiusAO: 2
    m_PVRFilteringAtrousPositionSigmaDirect: 0.5
    m_PVRFilteringAtrousPositionSigmaIndirect: 2
    m_PVRFilteringAtrousPositionSigmaAO: 1
    m_ShowResolutionOverlay: 1
    m_ExportTrainingData: 0
  m_LightingDataAsset: {fileID: 0}
  m_UseShadowmask: 1
--- !u!196 &4
NavMeshSettings:
  serializedVersion: 2
  m_ObjectHideFlags: 0
  m_BuildSettings:
    serializedVersion: 2
    agentTypeID: 0
    agentRadius: 0.5
    agentHeight: 2
    agentSlope: 24.54
    agentClimb: 0.4
    ledgeDropHeight: 0
    maxJumpAcrossDistance: 0
    minRegionArea: 2
    manualCellSize: 0
    cellSize: 0.16666667
    manualTileSize: 0
    tileSize: 256
    accuratePlacement: 0
    debug:
      m_Flags: 0
  m_NavMeshData: {fileID: 0}
--- !u!1001 &39461909
PrefabInstance:
  m_ObjectHideFlags: 0
  serializedVersion: 2
  m_Modification:
    m_TransformParent: {fileID: 0}
    m_Modifications:
    - target: {fileID: 6609771579670514280, guid: b3f20792d51c68d448de405e64aee77b,
        type: 3}
      propertyPath: m_Name
      value: ObjectPooler
      objectReference: {fileID: 0}
    - target: {fileID: 6609771579670514281, guid: b3f20792d51c68d448de405e64aee77b,
        type: 3}
      propertyPath: m_LocalPosition.x
      value: 800
      objectReference: {fileID: 0}
    - target: {fileID: 6609771579670514281, guid: b3f20792d51c68d448de405e64aee77b,
        type: 3}
      propertyPath: m_LocalPosition.y
      value: 450
      objectReference: {fileID: 0}
    - target: {fileID: 6609771579670514281, guid: b3f20792d51c68d448de405e64aee77b,
        type: 3}
      propertyPath: m_LocalPosition.z
      value: 0
      objectReference: {fileID: 0}
    - target: {fileID: 6609771579670514281, guid: b3f20792d51c68d448de405e64aee77b,
        type: 3}
      propertyPath: m_LocalRotation.x
      value: 0
      objectReference: {fileID: 0}
    - target: {fileID: 6609771579670514281, guid: b3f20792d51c68d448de405e64aee77b,
        type: 3}
      propertyPath: m_LocalRotation.y
      value: 0
      objectReference: {fileID: 0}
    - target: {fileID: 6609771579670514281, guid: b3f20792d51c68d448de405e64aee77b,
        type: 3}
      propertyPath: m_LocalRotation.z
      value: 0
      objectReference: {fileID: 0}
    - target: {fileID: 6609771579670514281, guid: b3f20792d51c68d448de405e64aee77b,
        type: 3}
      propertyPath: m_LocalRotation.w
      value: 1
      objectReference: {fileID: 0}
    - target: {fileID: 6609771579670514281, guid: b3f20792d51c68d448de405e64aee77b,
        type: 3}
      propertyPath: m_RootOrder
      value: 6
      objectReference: {fileID: 0}
    - target: {fileID: 6609771579670514281, guid: b3f20792d51c68d448de405e64aee77b,
        type: 3}
      propertyPath: m_LocalEulerAnglesHint.x
      value: 0
      objectReference: {fileID: 0}
    - target: {fileID: 6609771579670514281, guid: b3f20792d51c68d448de405e64aee77b,
        type: 3}
      propertyPath: m_LocalEulerAnglesHint.y
      value: 0
      objectReference: {fileID: 0}
    - target: {fileID: 6609771579670514281, guid: b3f20792d51c68d448de405e64aee77b,
        type: 3}
      propertyPath: m_LocalEulerAnglesHint.z
      value: 0
      objectReference: {fileID: 0}
    - target: {fileID: 6609771579670514278, guid: b3f20792d51c68d448de405e64aee77b,
        type: 3}
      propertyPath: itemsToPool.Array.size
      value: 2
      objectReference: {fileID: 0}
    - target: {fileID: 6609771579670514278, guid: b3f20792d51c68d448de405e64aee77b,
        type: 3}
      propertyPath: itemsToPool.Array.data[0].objectToPool
      value: 
      objectReference: {fileID: 4408851911410021865, guid: a8ea4efb7f2d2da42bedb306c739de44,
        type: 3}
    - target: {fileID: 6609771579670514278, guid: b3f20792d51c68d448de405e64aee77b,
        type: 3}
      propertyPath: itemsToPool.Array.data[0].amountToPool
      value: 15
      objectReference: {fileID: 0}
    - target: {fileID: 6609771579670514278, guid: b3f20792d51c68d448de405e64aee77b,
        type: 3}
      propertyPath: itemsToPool.Array.data[0].shouldExpand
      value: 1
      objectReference: {fileID: 0}
    - target: {fileID: 6609771579670514278, guid: b3f20792d51c68d448de405e64aee77b,
        type: 3}
      propertyPath: itemsToPool.Array.data[1].amountToPool
      value: 20
      objectReference: {fileID: 0}
    - target: {fileID: 6609771579670514278, guid: b3f20792d51c68d448de405e64aee77b,
        type: 3}
      propertyPath: itemsToPool.Array.data[1].objectToPool
      value: 
      objectReference: {fileID: 2859862560765996474, guid: 50b30077c4de8da48afa535c59c68409,
        type: 3}
    - target: {fileID: 6609771579670514278, guid: b3f20792d51c68d448de405e64aee77b,
        type: 3}
      propertyPath: itemsToPool.Array.data[1].shouldExpand
      value: 1
      objectReference: {fileID: 0}
    m_RemovedComponents: []
  m_SourcePrefab: {fileID: 100100000, guid: b3f20792d51c68d448de405e64aee77b, type: 3}
--- !u!1 &170076733
GameObject:
  m_ObjectHideFlags: 0
  m_CorrespondingSourceObject: {fileID: 0}
  m_PrefabInstance: {fileID: 0}
  m_PrefabAsset: {fileID: 0}
  serializedVersion: 6
  m_Component:
  - component: {fileID: 170076735}
  - component: {fileID: 170076734}
  m_Layer: 0
  m_Name: Directional Light
  m_TagString: Untagged
  m_Icon: {fileID: 0}
  m_NavMeshLayer: 0
  m_StaticEditorFlags: 0
  m_IsActive: 1
--- !u!108 &170076734
Light:
  m_ObjectHideFlags: 0
  m_CorrespondingSourceObject: {fileID: 0}
  m_PrefabInstance: {fileID: 0}
  m_PrefabAsset: {fileID: 0}
  m_GameObject: {fileID: 170076733}
  m_Enabled: 1
  serializedVersion: 9
  m_Type: 1
  m_Color: {r: 0.20862746, g: 0.25333333, b: 0.29803923, a: 1}
  m_Intensity: 1
  m_Range: 10
  m_SpotAngle: 30
  m_InnerSpotAngle: 21.80208
  m_CookieSize: 10
  m_Shadows:
    m_Type: 0
    m_Resolution: -1
    m_CustomResolution: -1
    m_Strength: 1
    m_Bias: 0.05
    m_NormalBias: 0.4
    m_NearPlane: 0.2
    m_CullingMatrixOverride:
      e00: 1
      e01: 0
      e02: 0
      e03: 0
      e10: 0
      e11: 1
      e12: 0
      e13: 0
      e20: 0
      e21: 0
      e22: 1
      e23: 0
      e30: 0
      e31: 0
      e32: 0
      e33: 1
    m_UseCullingMatrixOverride: 0
  m_Cookie: {fileID: 0}
  m_DrawHalo: 0
  m_Flare: {fileID: 0}
  m_RenderMode: 0
  m_CullingMask:
    serializedVersion: 2
    m_Bits: 4294967295
  m_RenderingLayerMask: 1
  m_Lightmapping: 4
  m_LightShadowCasterMode: 0
  m_AreaSize: {x: 1, y: 1}
  m_BounceIntensity: 1
  m_ColorTemperature: 6570
  m_UseColorTemperature: 0
  m_BoundingSphereOverride: {x: 0, y: 0, z: 0, w: 0}
  m_UseBoundingSphereOverride: 0
  m_ShadowRadius: 0
  m_ShadowAngle: 0
--- !u!4 &170076735
Transform:
  m_ObjectHideFlags: 0
  m_CorrespondingSourceObject: {fileID: 0}
  m_PrefabInstance: {fileID: 0}
  m_PrefabAsset: {fileID: 0}
  m_GameObject: {fileID: 170076733}
  m_LocalRotation: {x: 0.40821788, y: -0.23456968, z: 0.10938163, w: 0.8754261}
  m_LocalPosition: {x: 0, y: 3, z: 0}
  m_LocalScale: {x: 1, y: 1, z: 1}
  m_Children: []
  m_Father: {fileID: 0}
  m_RootOrder: 0
  m_LocalEulerAnglesHint: {x: 50, y: -30, z: 0}
--- !u!1001 &220610905
PrefabInstance:
  m_ObjectHideFlags: 0
  serializedVersion: 2
  m_Modification:
    m_TransformParent: {fileID: 0}
    m_Modifications:
    - target: {fileID: 4538422036127857786, guid: 676a85980bd4fed4bae7942787705d15,
        type: 3}
      propertyPath: m_Name
      value: SoundController
      objectReference: {fileID: 0}
    - target: {fileID: 4538422036127857783, guid: 676a85980bd4fed4bae7942787705d15,
        type: 3}
      propertyPath: m_LocalPosition.x
      value: 26.369677
      objectReference: {fileID: 0}
    - target: {fileID: 4538422036127857783, guid: 676a85980bd4fed4bae7942787705d15,
        type: 3}
      propertyPath: m_LocalPosition.y
      value: 0.9487804
      objectReference: {fileID: 0}
    - target: {fileID: 4538422036127857783, guid: 676a85980bd4fed4bae7942787705d15,
        type: 3}
      propertyPath: m_LocalPosition.z
      value: -1.0693309
      objectReference: {fileID: 0}
    - target: {fileID: 4538422036127857783, guid: 676a85980bd4fed4bae7942787705d15,
        type: 3}
      propertyPath: m_LocalRotation.x
      value: 0
      objectReference: {fileID: 0}
    - target: {fileID: 4538422036127857783, guid: 676a85980bd4fed4bae7942787705d15,
        type: 3}
      propertyPath: m_LocalRotation.y
      value: 0
      objectReference: {fileID: 0}
    - target: {fileID: 4538422036127857783, guid: 676a85980bd4fed4bae7942787705d15,
        type: 3}
      propertyPath: m_LocalRotation.z
      value: 0
      objectReference: {fileID: 0}
    - target: {fileID: 4538422036127857783, guid: 676a85980bd4fed4bae7942787705d15,
        type: 3}
      propertyPath: m_LocalRotation.w
      value: 1
      objectReference: {fileID: 0}
    - target: {fileID: 4538422036127857783, guid: 676a85980bd4fed4bae7942787705d15,
        type: 3}
      propertyPath: m_RootOrder
      value: 9
      objectReference: {fileID: 0}
    - target: {fileID: 4538422036127857783, guid: 676a85980bd4fed4bae7942787705d15,
        type: 3}
      propertyPath: m_LocalEulerAnglesHint.x
      value: 0
      objectReference: {fileID: 0}
    - target: {fileID: 4538422036127857783, guid: 676a85980bd4fed4bae7942787705d15,
        type: 3}
      propertyPath: m_LocalEulerAnglesHint.y
      value: 0
      objectReference: {fileID: 0}
    - target: {fileID: 4538422036127857783, guid: 676a85980bd4fed4bae7942787705d15,
        type: 3}
      propertyPath: m_LocalEulerAnglesHint.z
      value: 0
      objectReference: {fileID: 0}
    - target: {fileID: 4538422036127857785, guid: 676a85980bd4fed4bae7942787705d15,
        type: 3}
      propertyPath: music
      value: 501
      objectReference: {fileID: 0}
    m_RemovedComponents: []
  m_SourcePrefab: {fileID: 100100000, guid: 676a85980bd4fed4bae7942787705d15, type: 3}
--- !u!1 &251443451
GameObject:
  m_ObjectHideFlags: 0
  m_CorrespondingSourceObject: {fileID: 0}
  m_PrefabInstance: {fileID: 2002713532}
  m_PrefabAsset: {fileID: 0}
  serializedVersion: 6
  m_Component:
  - component: {fileID: 251443452}
  - component: {fileID: 2002713535}
  m_Layer: 0
  m_Name: Missing Prefab (Dummy)
  m_TagString: Untagged
  m_Icon: {fileID: 0}
  m_NavMeshLayer: 0
  m_StaticEditorFlags: 0
  m_IsActive: 1
--- !u!4 &251443452
Transform:
  m_ObjectHideFlags: 0
  m_CorrespondingSourceObject: {fileID: 0}
  m_PrefabInstance: {fileID: 2002713532}
  m_PrefabAsset: {fileID: 0}
  m_GameObject: {fileID: 251443451}
  m_LocalRotation: {x: 0, y: 0, z: 0, w: 1}
  m_LocalPosition: {x: 0, y: 0, z: 0}
  m_LocalScale: {x: 1, y: 1, z: 1}
  m_Children: []
  m_Father: {fileID: 2002713533}
  m_RootOrder: 2
  m_LocalEulerAnglesHint: {x: 0, y: 0, z: 0}
--- !u!1 &272665383
GameObject:
  m_ObjectHideFlags: 0
  m_CorrespondingSourceObject: {fileID: 0}
  m_PrefabInstance: {fileID: 0}
  m_PrefabAsset: {fileID: 0}
  serializedVersion: 6
  m_Component:
  - component: {fileID: 272665386}
  - component: {fileID: 272665385}
  - component: {fileID: 272665384}
  m_Layer: 0
  m_Name: EventSystem
  m_TagString: Untagged
  m_Icon: {fileID: 0}
  m_NavMeshLayer: 0
  m_StaticEditorFlags: 0
  m_IsActive: 1
--- !u!114 &272665384
MonoBehaviour:
  m_ObjectHideFlags: 0
  m_CorrespondingSourceObject: {fileID: 0}
  m_PrefabInstance: {fileID: 0}
  m_PrefabAsset: {fileID: 0}
  m_GameObject: {fileID: 272665383}
  m_Enabled: 1
  m_EditorHideFlags: 0
  m_Script: {fileID: 1077351063, guid: f70555f144d8491a825f0804e09c671c, type: 3}
  m_Name: 
  m_EditorClassIdentifier: 
  m_HorizontalAxis: Horizontal
  m_VerticalAxis: Vertical
  m_SubmitButton: Submit
  m_CancelButton: Cancel
  m_InputActionsPerSecond: 10
  m_RepeatDelay: 0.5
  m_ForceModuleActive: 0
--- !u!114 &272665385
MonoBehaviour:
  m_ObjectHideFlags: 0
  m_CorrespondingSourceObject: {fileID: 0}
  m_PrefabInstance: {fileID: 0}
  m_PrefabAsset: {fileID: 0}
  m_GameObject: {fileID: 272665383}
  m_Enabled: 1
  m_EditorHideFlags: 0
  m_Script: {fileID: -619905303, guid: f70555f144d8491a825f0804e09c671c, type: 3}
  m_Name: 
  m_EditorClassIdentifier: 
  m_FirstSelected: {fileID: 0}
  m_sendNavigationEvents: 1
  m_DragThreshold: 10
--- !u!4 &272665386
Transform:
  m_ObjectHideFlags: 0
  m_CorrespondingSourceObject: {fileID: 0}
  m_PrefabInstance: {fileID: 0}
  m_PrefabAsset: {fileID: 0}
  m_GameObject: {fileID: 272665383}
  m_LocalRotation: {x: 0, y: 0, z: 0, w: 1}
  m_LocalPosition: {x: 0, y: 0, z: 0}
  m_LocalScale: {x: 1, y: 1, z: 1}
  m_Children: []
  m_Father: {fileID: 0}
  m_RootOrder: 1
  m_LocalEulerAnglesHint: {x: 0, y: 0, z: 0}
--- !u!1 &474951264
GameObject:
  m_ObjectHideFlags: 0
  m_CorrespondingSourceObject: {fileID: 0}
  m_PrefabInstance: {fileID: 0}
  m_PrefabAsset: {fileID: 0}
  serializedVersion: 6
  m_Component:
  - component: {fileID: 474951265}
  m_Layer: 0
  m_Name: Rooms
  m_TagString: Untagged
  m_Icon: {fileID: 0}
  m_NavMeshLayer: 0
  m_StaticEditorFlags: 0
  m_IsActive: 0
--- !u!4 &474951265
Transform:
  m_ObjectHideFlags: 0
  m_CorrespondingSourceObject: {fileID: 0}
  m_PrefabInstance: {fileID: 0}
  m_PrefabAsset: {fileID: 0}
  m_GameObject: {fileID: 474951264}
  m_LocalRotation: {x: 0, y: 0, z: 0, w: 1}
  m_LocalPosition: {x: 0.72000694, y: 0.027939558, z: 2.4600172}
  m_LocalScale: {x: 1, y: 1, z: 1}
  m_Children:
  - {fileID: 826259838}
  - {fileID: 1162242374}
  - {fileID: 2138602272}
  - {fileID: 1055510169}
  - {fileID: 575703962}
  - {fileID: 1674822368}
  - {fileID: 644894978}
  - {fileID: 2002713533}
  m_Father: {fileID: 0}
  m_RootOrder: 2
  m_LocalEulerAnglesHint: {x: 0, y: 0, z: 0}
--- !u!1001 &535211555
PrefabInstance:
  m_ObjectHideFlags: 0
  serializedVersion: 2
  m_Modification:
    m_TransformParent: {fileID: 0}
    m_Modifications:
    - target: {fileID: 382066632824859591, guid: 0461f11c596eab545b3ba383f1e6c9b8,
        type: 3}
      propertyPath: m_Name
      value: Rewired Input Manager
      objectReference: {fileID: 0}
    - target: {fileID: 382066632824859577, guid: 0461f11c596eab545b3ba383f1e6c9b8,
        type: 3}
      propertyPath: m_LocalPosition.x
      value: 0
      objectReference: {fileID: 0}
    - target: {fileID: 382066632824859577, guid: 0461f11c596eab545b3ba383f1e6c9b8,
        type: 3}
      propertyPath: m_LocalPosition.y
      value: 0
      objectReference: {fileID: 0}
    - target: {fileID: 382066632824859577, guid: 0461f11c596eab545b3ba383f1e6c9b8,
        type: 3}
      propertyPath: m_LocalPosition.z
      value: 0
      objectReference: {fileID: 0}
    - target: {fileID: 382066632824859577, guid: 0461f11c596eab545b3ba383f1e6c9b8,
        type: 3}
      propertyPath: m_LocalRotation.x
      value: 0
      objectReference: {fileID: 0}
    - target: {fileID: 382066632824859577, guid: 0461f11c596eab545b3ba383f1e6c9b8,
        type: 3}
      propertyPath: m_LocalRotation.y
      value: 0
      objectReference: {fileID: 0}
    - target: {fileID: 382066632824859577, guid: 0461f11c596eab545b3ba383f1e6c9b8,
        type: 3}
      propertyPath: m_LocalRotation.z
      value: 0
      objectReference: {fileID: 0}
    - target: {fileID: 382066632824859577, guid: 0461f11c596eab545b3ba383f1e6c9b8,
        type: 3}
      propertyPath: m_LocalRotation.w
      value: 1
      objectReference: {fileID: 0}
    - target: {fileID: 382066632824859577, guid: 0461f11c596eab545b3ba383f1e6c9b8,
        type: 3}
      propertyPath: m_RootOrder
      value: 4
      objectReference: {fileID: 0}
    - target: {fileID: 382066632824859577, guid: 0461f11c596eab545b3ba383f1e6c9b8,
        type: 3}
      propertyPath: m_LocalEulerAnglesHint.x
      value: 0
      objectReference: {fileID: 0}
    - target: {fileID: 382066632824859577, guid: 0461f11c596eab545b3ba383f1e6c9b8,
        type: 3}
      propertyPath: m_LocalEulerAnglesHint.y
      value: 0
      objectReference: {fileID: 0}
    - target: {fileID: 382066632824859577, guid: 0461f11c596eab545b3ba383f1e6c9b8,
        type: 3}
      propertyPath: m_LocalEulerAnglesHint.z
      value: 0
      objectReference: {fileID: 0}
    m_RemovedComponents: []
  m_SourcePrefab: {fileID: 100100000, guid: 0461f11c596eab545b3ba383f1e6c9b8, type: 3}
--- !u!1 &551002432
GameObject:
  m_ObjectHideFlags: 0
  m_CorrespondingSourceObject: {fileID: 0}
  m_PrefabInstance: {fileID: 0}
  m_PrefabAsset: {fileID: 0}
  serializedVersion: 6
  m_Component:
  - component: {fileID: 551002433}
  - component: {fileID: 551002435}
  - component: {fileID: 551002434}
  m_Layer: 0
  m_Name: SteamLevelBuilder
  m_TagString: Untagged
  m_Icon: {fileID: 0}
  m_NavMeshLayer: 0
  m_StaticEditorFlags: 0
  m_IsActive: 1
--- !u!4 &551002433
Transform:
  m_ObjectHideFlags: 0
  m_CorrespondingSourceObject: {fileID: 0}
  m_PrefabInstance: {fileID: 0}
  m_PrefabAsset: {fileID: 0}
  m_GameObject: {fileID: 551002432}
  m_LocalRotation: {x: 0, y: 0, z: 0, w: 1}
  m_LocalPosition: {x: 109.99358, y: -46.538723, z: 51.617493}
  m_LocalScale: {x: 1, y: 1, z: 1}
  m_Children: []
  m_Father: {fileID: 0}
  m_RootOrder: 8
  m_LocalEulerAnglesHint: {x: 0, y: 0, z: 0}
--- !u!114 &551002434
MonoBehaviour:
  m_ObjectHideFlags: 0
  m_CorrespondingSourceObject: {fileID: 0}
  m_PrefabInstance: {fileID: 0}
  m_PrefabAsset: {fileID: 0}
  m_GameObject: {fileID: 551002432}
  m_Enabled: 1
  m_EditorHideFlags: 0
  m_Script: {fileID: 11500000, guid: aa5d0eced2279534a8a22cf376c677ad, type: 3}
  m_Name: 
  m_EditorClassIdentifier: 
  grails:
  - {fileID: -8522470688587625916, guid: 9e4d2cf48528b494a947bf1c4d47bb20, type: 3}
  - {fileID: 405183140890767320, guid: 2b5c33a35d04a1943ab0698a3008475e, type: 3}
  - {fileID: 5706370096679855241, guid: fc02efefe36747b4fbff4ddb2c7ca3d6, type: 3}
  - {fileID: 5927442158670697399, guid: 2d3a130adc928d8488ca8d2bd87328c4, type: 3}
  - {fileID: -5300326467297004248, guid: fe1e498058b91d24d9e888b700cdd171, type: 3}
  spawnOptions:
  - {fileID: -8522470688587625916, guid: 9e4d2cf48528b494a947bf1c4d47bb20, type: 3}
  - {fileID: -5300326467297004248, guid: fe1e498058b91d24d9e888b700cdd171, type: 3}
  - {fileID: 5706370096679855241, guid: fc02efefe36747b4fbff4ddb2c7ca3d6, type: 3}
  - {fileID: 405183140890767320, guid: 2b5c33a35d04a1943ab0698a3008475e, type: 3}
  - {fileID: 5927442158670697399, guid: 2d3a130adc928d8488ca8d2bd87328c4, type: 3}
  totalRooms: 0
  grailLowerBound: 4
  LevelGenerator: {fileID: 551002435}
  rooms: []
  totalGrails: 0
  percentOfRoomsAsUpperBound: 70
--- !u!114 &551002435
MonoBehaviour:
  m_ObjectHideFlags: 0
  m_CorrespondingSourceObject: {fileID: 0}
  m_PrefabInstance: {fileID: 0}
  m_PrefabAsset: {fileID: 0}
  m_GameObject: {fileID: 551002432}
  m_Enabled: 1
  m_EditorHideFlags: 0
  m_Script: {fileID: 11500000, guid: 41826faea92e76849a0c6507ac11872d, type: 3}
  m_Name: 
  m_EditorClassIdentifier: 
  startRoomPrefab: {fileID: 2191028438203711799, guid: f5c4b675a6a060a41baeb3afc731a997,
    type: 3}
  endRoomPrefab: {fileID: 6353748439058889452, guid: 0307d03d9b1782843a0ec93553de959d,
    type: 3}
  roomPrefabs: []
  iterantionRange: {x: 6, y: 8}
  loading: {fileID: 639811881}
  isBgOn: 0
  surfaces: []
  roomLayerMask:
    serializedVersion: 2
    m_Bits: 0
  levelComplete:
    m_PersistentCalls:
      m_Calls:
      - m_Target: {fileID: 551002434}
        m_MethodName: RanomizeGrails
        m_Mode: 1
        m_Arguments:
          m_ObjectArgument: {fileID: 0}
          m_ObjectArgumentAssemblyTypeName: UnityEngine.Object, UnityEngine
          m_IntArgument: 0
          m_FloatArgument: 0
          m_StringArgument: 
          m_BoolArgument: 0
        m_CallState: 1
    m_TypeName: UnityEngine.Events.UnityEvent, UnityEngine.CoreModule, Version=0.0.0.0,
      Culture=neutral, PublicKeyToken=null
  iterations: 0
  coordinates: []
  Xleft: 0
  Yleft: 0
  dimensions: 0000000000000000
  current: 
  RoomsLeft: 0
  FourDoors:
  - {fileID: 5497491848781018496, guid: 41457ecb04cad5d4097a66d3479506ab, type: 3}
  - {fileID: 6764963833560779345, guid: a89ef45ce5bbc2242aaaf57d05b7bebd, type: 3}
  - {fileID: 823160844873444344, guid: c5c65171d9794cf47837909fa45378b5, type: 3}
  - {fileID: 823160844873444344, guid: 793391de9cb44674e93e31444a467331, type: 3}
  - {fileID: 823160844873444344, guid: 957fe4775b7453745896cb314cff8dff, type: 3}
  - {fileID: 823160844873444344, guid: a92aa4580ea41e548bff2bc3b4093d3d, type: 3}
  CorridorRooms:
  - {fileID: 823160844873444344, guid: 6445c023b0d93154aa165e8361cd9934, type: 3}
  - {fileID: 823160844873444344, guid: 02deabad7c0e7ec4a90a4e83dff30a4b, type: 3}
  - {fileID: 823160844873444344, guid: a145be21a6e5d2740b6a81c593fd0b24, type: 3}
  - {fileID: 823160844873444344, guid: 028c9b3ba8f995c439a5c3db2f01b1f9, type: 3}
  - {fileID: 823160844873444344, guid: 84a2bb5fc93e9c941a9b0bf4c1b301a6, type: 3}
  - {fileID: 5497491848781018496, guid: 6b0f53c6d64a33045badbbfac4a2af61, type: 3}
  - {fileID: 5497491848781018496, guid: 345836e4add1e7745b49d636f6461a88, type: 3}
  - {fileID: 5497491848781018496, guid: a4434122a68419d449ec39e4737ccce6, type: 3}
  - {fileID: 5497491848781018496, guid: 7b95ca71f89011d4d8ad73e4daefd156, type: 3}
  ElbowRooms:
  - {fileID: 823160844873444344, guid: 6844fdf09c2fbc547ae9013e455ec234, type: 3}
  - {fileID: 823160844873444344, guid: 395ee99ab30ffad488f8e223fa4c45ef, type: 3}
  - {fileID: 823160844873444344, guid: f9bd7e387aa911b479e3904d6732f60e, type: 3}
  - {fileID: 823160844873444344, guid: 308f2f8d2d5bfd04bbf946827968ff53, type: 3}
  levelMusic: 500
--- !u!1001 &575703961
PrefabInstance:
  m_ObjectHideFlags: 0
  serializedVersion: 2
  m_Modification:
    m_TransformParent: {fileID: 474951265}
    m_Modifications:
    - target: {fileID: 2242210491662464276, guid: c5c65171d9794cf47837909fa45378b5,
        type: 3}
      propertyPath: m_Name
      value: room_steampunk_corridor03
      objectReference: {fileID: 0}
    - target: {fileID: 6003985779533533579, guid: c5c65171d9794cf47837909fa45378b5,
        type: 3}
      propertyPath: m_LocalPosition.x
      value: 0
      objectReference: {fileID: 0}
    - target: {fileID: 6003985779533533579, guid: c5c65171d9794cf47837909fa45378b5,
        type: 3}
      propertyPath: m_LocalPosition.y
      value: 0
      objectReference: {fileID: 0}
    - target: {fileID: 6003985779533533579, guid: c5c65171d9794cf47837909fa45378b5,
        type: 3}
      propertyPath: m_LocalPosition.z
      value: 0
      objectReference: {fileID: 0}
    - target: {fileID: 6003985779533533579, guid: c5c65171d9794cf47837909fa45378b5,
        type: 3}
      propertyPath: m_LocalRotation.x
      value: -0
      objectReference: {fileID: 0}
    - target: {fileID: 6003985779533533579, guid: c5c65171d9794cf47837909fa45378b5,
        type: 3}
      propertyPath: m_LocalRotation.y
      value: -0
      objectReference: {fileID: 0}
    - target: {fileID: 6003985779533533579, guid: c5c65171d9794cf47837909fa45378b5,
        type: 3}
      propertyPath: m_LocalRotation.z
      value: -0
      objectReference: {fileID: 0}
    - target: {fileID: 6003985779533533579, guid: c5c65171d9794cf47837909fa45378b5,
        type: 3}
      propertyPath: m_LocalRotation.w
      value: 1
      objectReference: {fileID: 0}
    - target: {fileID: 6003985779533533579, guid: c5c65171d9794cf47837909fa45378b5,
        type: 3}
      propertyPath: m_RootOrder
      value: 4
      objectReference: {fileID: 0}
    - target: {fileID: 6003985779533533579, guid: c5c65171d9794cf47837909fa45378b5,
        type: 3}
      propertyPath: m_LocalEulerAnglesHint.x
      value: 0
      objectReference: {fileID: 0}
    - target: {fileID: 6003985779533533579, guid: c5c65171d9794cf47837909fa45378b5,
        type: 3}
      propertyPath: m_LocalEulerAnglesHint.y
      value: 0
      objectReference: {fileID: 0}
    - target: {fileID: 6003985779533533579, guid: c5c65171d9794cf47837909fa45378b5,
        type: 3}
      propertyPath: m_LocalEulerAnglesHint.z
      value: 0
      objectReference: {fileID: 0}
    m_RemovedComponents: []
  m_SourcePrefab: {fileID: 100100000, guid: c5c65171d9794cf47837909fa45378b5, type: 3}
--- !u!4 &575703962 stripped
Transform:
  m_CorrespondingSourceObject: {fileID: 6003985779533533579, guid: c5c65171d9794cf47837909fa45378b5,
    type: 3}
  m_PrefabInstance: {fileID: 575703961}
  m_PrefabAsset: {fileID: 0}
--- !u!1001 &639811880
PrefabInstance:
  m_ObjectHideFlags: 0
  serializedVersion: 2
  m_Modification:
    m_TransformParent: {fileID: 0}
    m_Modifications:
    - target: {fileID: 5437873390525972195, guid: ee7a6ee13b7df564bbde0958538e9367,
        type: 3}
      propertyPath: m_Name
      value: Loading
      objectReference: {fileID: 0}
    - target: {fileID: 5437873390525972199, guid: ee7a6ee13b7df564bbde0958538e9367,
        type: 3}
      propertyPath: m_LocalPosition.x
      value: 0
      objectReference: {fileID: 0}
    - target: {fileID: 5437873390525972199, guid: ee7a6ee13b7df564bbde0958538e9367,
        type: 3}
      propertyPath: m_LocalPosition.y
      value: 0
      objectReference: {fileID: 0}
    - target: {fileID: 5437873390525972199, guid: ee7a6ee13b7df564bbde0958538e9367,
        type: 3}
      propertyPath: m_LocalPosition.z
      value: 0
      objectReference: {fileID: 0}
    - target: {fileID: 5437873390525972199, guid: ee7a6ee13b7df564bbde0958538e9367,
        type: 3}
      propertyPath: m_LocalRotation.x
      value: 0
      objectReference: {fileID: 0}
    - target: {fileID: 5437873390525972199, guid: ee7a6ee13b7df564bbde0958538e9367,
        type: 3}
      propertyPath: m_LocalRotation.y
      value: 0
      objectReference: {fileID: 0}
    - target: {fileID: 5437873390525972199, guid: ee7a6ee13b7df564bbde0958538e9367,
        type: 3}
      propertyPath: m_LocalRotation.z
      value: 0
      objectReference: {fileID: 0}
    - target: {fileID: 5437873390525972199, guid: ee7a6ee13b7df564bbde0958538e9367,
        type: 3}
      propertyPath: m_LocalRotation.w
      value: 1
      objectReference: {fileID: 0}
    - target: {fileID: 5437873390525972199, guid: ee7a6ee13b7df564bbde0958538e9367,
        type: 3}
      propertyPath: m_RootOrder
      value: 3
      objectReference: {fileID: 0}
    - target: {fileID: 5437873390525972199, guid: ee7a6ee13b7df564bbde0958538e9367,
        type: 3}
      propertyPath: m_LocalEulerAnglesHint.x
      value: 0
      objectReference: {fileID: 0}
    - target: {fileID: 5437873390525972199, guid: ee7a6ee13b7df564bbde0958538e9367,
        type: 3}
      propertyPath: m_LocalEulerAnglesHint.y
      value: 0
      objectReference: {fileID: 0}
    - target: {fileID: 5437873390525972199, guid: ee7a6ee13b7df564bbde0958538e9367,
        type: 3}
      propertyPath: m_LocalEulerAnglesHint.z
      value: 0
      objectReference: {fileID: 0}
    - target: {fileID: 5437873390525972199, guid: ee7a6ee13b7df564bbde0958538e9367,
        type: 3}
      propertyPath: m_AnchoredPosition.x
      value: 0
      objectReference: {fileID: 0}
    - target: {fileID: 5437873390525972199, guid: ee7a6ee13b7df564bbde0958538e9367,
        type: 3}
      propertyPath: m_AnchoredPosition.y
      value: 0
      objectReference: {fileID: 0}
    - target: {fileID: 5437873390525972199, guid: ee7a6ee13b7df564bbde0958538e9367,
        type: 3}
      propertyPath: m_SizeDelta.x
      value: 0
      objectReference: {fileID: 0}
    - target: {fileID: 5437873390525972199, guid: ee7a6ee13b7df564bbde0958538e9367,
        type: 3}
      propertyPath: m_SizeDelta.y
      value: 0
      objectReference: {fileID: 0}
    - target: {fileID: 5437873390525972199, guid: ee7a6ee13b7df564bbde0958538e9367,
        type: 3}
      propertyPath: m_AnchorMin.x
      value: 0
      objectReference: {fileID: 0}
    - target: {fileID: 5437873390525972199, guid: ee7a6ee13b7df564bbde0958538e9367,
        type: 3}
      propertyPath: m_AnchorMin.y
      value: 0
      objectReference: {fileID: 0}
    - target: {fileID: 5437873390525972199, guid: ee7a6ee13b7df564bbde0958538e9367,
        type: 3}
      propertyPath: m_AnchorMax.x
      value: 0
      objectReference: {fileID: 0}
    - target: {fileID: 5437873390525972199, guid: ee7a6ee13b7df564bbde0958538e9367,
        type: 3}
      propertyPath: m_AnchorMax.y
      value: 0
      objectReference: {fileID: 0}
    - target: {fileID: 5437873390525972199, guid: ee7a6ee13b7df564bbde0958538e9367,
        type: 3}
      propertyPath: m_Pivot.x
      value: 0
      objectReference: {fileID: 0}
    - target: {fileID: 5437873390525972199, guid: ee7a6ee13b7df564bbde0958538e9367,
        type: 3}
      propertyPath: m_Pivot.y
      value: 0
      objectReference: {fileID: 0}
    - target: {fileID: 5567561100521398544, guid: ee7a6ee13b7df564bbde0958538e9367,
        type: 3}
      propertyPath: screens.Array.size
      value: 10
      objectReference: {fileID: 0}
    - target: {fileID: 5567561100521398544, guid: ee7a6ee13b7df564bbde0958538e9367,
        type: 3}
      propertyPath: m_Enabled
      value: 1
      objectReference: {fileID: 0}
    - target: {fileID: 5567561100521398544, guid: ee7a6ee13b7df564bbde0958538e9367,
        type: 3}
      propertyPath: screens.Array.data[0]
      value: 
      objectReference: {fileID: 2800000, guid: e89f4eee4c923014f8028b2e457bd7da, type: 3}
    - target: {fileID: 5567561100521398544, guid: ee7a6ee13b7df564bbde0958538e9367,
        type: 3}
      propertyPath: screens.Array.data[1]
      value: 
      objectReference: {fileID: 2800000, guid: 19d2072cd2f019a4b831030adaaccd0a, type: 3}
    - target: {fileID: 5567561100521398544, guid: ee7a6ee13b7df564bbde0958538e9367,
        type: 3}
      propertyPath: screens.Array.data[2]
      value: 
      objectReference: {fileID: 2800000, guid: 08a1193cb5d664348bfc52d43c81ae7f, type: 3}
    - target: {fileID: 5567561100521398544, guid: ee7a6ee13b7df564bbde0958538e9367,
        type: 3}
      propertyPath: screens.Array.data[3]
      value: 
      objectReference: {fileID: 2800000, guid: e23092dbf95b64d4f8977027321c4f9f, type: 3}
    - target: {fileID: 5567561100521398544, guid: ee7a6ee13b7df564bbde0958538e9367,
        type: 3}
      propertyPath: screens.Array.data[4]
      value: 
      objectReference: {fileID: 2800000, guid: ce1940b63949594489b32eac2539b1da, type: 3}
    - target: {fileID: 5567561100521398544, guid: ee7a6ee13b7df564bbde0958538e9367,
        type: 3}
      propertyPath: screens.Array.data[5]
      value: 
      objectReference: {fileID: 2800000, guid: 119cbe3dddd57ea449ad977930d0a513, type: 3}
    - target: {fileID: 5567561100521398544, guid: ee7a6ee13b7df564bbde0958538e9367,
        type: 3}
      propertyPath: screens.Array.data[6]
      value: 
      objectReference: {fileID: 2800000, guid: 7cef3cec2f8d2174e978ca3ce2eb2c92, type: 3}
    - target: {fileID: 5567561100521398544, guid: ee7a6ee13b7df564bbde0958538e9367,
        type: 3}
      propertyPath: screens.Array.data[7]
      value: 
      objectReference: {fileID: 2800000, guid: 036c779800fbad348ba4f1193c48dff8, type: 3}
    - target: {fileID: 5567561100521398544, guid: ee7a6ee13b7df564bbde0958538e9367,
        type: 3}
      propertyPath: screens.Array.data[8]
      value: 
      objectReference: {fileID: 2800000, guid: 5b417f3f3643e2b4c9ab67ef6abd42d0, type: 3}
    - target: {fileID: 5567561100521398544, guid: ee7a6ee13b7df564bbde0958538e9367,
        type: 3}
      propertyPath: screens.Array.data[9]
      value: 
      objectReference: {fileID: 2800000, guid: 244a5a1368fd7ff4690042d1714b7c43, type: 3}
    m_RemovedComponents: []
  m_SourcePrefab: {fileID: 100100000, guid: ee7a6ee13b7df564bbde0958538e9367, type: 3}
--- !u!114 &639811881 stripped
MonoBehaviour:
  m_CorrespondingSourceObject: {fileID: 8874213206567652482, guid: ee7a6ee13b7df564bbde0958538e9367,
    type: 3}
  m_PrefabInstance: {fileID: 639811880}
  m_PrefabAsset: {fileID: 0}
  m_GameObject: {fileID: 0}
  m_Enabled: 1
  m_EditorHideFlags: 0
  m_Script: {fileID: -98529514, guid: f70555f144d8491a825f0804e09c671c, type: 3}
  m_Name: 
  m_EditorClassIdentifier: 
--- !u!1001 &644894977
PrefabInstance:
  m_ObjectHideFlags: 0
  serializedVersion: 2
  m_Modification:
    m_TransformParent: {fileID: 474951265}
    m_Modifications:
    - target: {fileID: 2242210491662464276, guid: 957fe4775b7453745896cb314cff8dff,
        type: 3}
      propertyPath: m_Name
      value: room_steampunk_corridor05
      objectReference: {fileID: 0}
    - target: {fileID: 6003985779533533579, guid: 957fe4775b7453745896cb314cff8dff,
        type: 3}
      propertyPath: m_LocalPosition.x
      value: 0
      objectReference: {fileID: 0}
    - target: {fileID: 6003985779533533579, guid: 957fe4775b7453745896cb314cff8dff,
        type: 3}
      propertyPath: m_LocalPosition.y
      value: 0
      objectReference: {fileID: 0}
    - target: {fileID: 6003985779533533579, guid: 957fe4775b7453745896cb314cff8dff,
        type: 3}
      propertyPath: m_LocalPosition.z
      value: 0
      objectReference: {fileID: 0}
    - target: {fileID: 6003985779533533579, guid: 957fe4775b7453745896cb314cff8dff,
        type: 3}
      propertyPath: m_LocalRotation.x
      value: -0
      objectReference: {fileID: 0}
    - target: {fileID: 6003985779533533579, guid: 957fe4775b7453745896cb314cff8dff,
        type: 3}
      propertyPath: m_LocalRotation.y
      value: -0
      objectReference: {fileID: 0}
    - target: {fileID: 6003985779533533579, guid: 957fe4775b7453745896cb314cff8dff,
        type: 3}
      propertyPath: m_LocalRotation.z
      value: -0
      objectReference: {fileID: 0}
    - target: {fileID: 6003985779533533579, guid: 957fe4775b7453745896cb314cff8dff,
        type: 3}
      propertyPath: m_LocalRotation.w
      value: 1
      objectReference: {fileID: 0}
    - target: {fileID: 6003985779533533579, guid: 957fe4775b7453745896cb314cff8dff,
        type: 3}
      propertyPath: m_RootOrder
      value: 6
      objectReference: {fileID: 0}
    - target: {fileID: 6003985779533533579, guid: 957fe4775b7453745896cb314cff8dff,
        type: 3}
      propertyPath: m_LocalEulerAnglesHint.x
      value: 0
      objectReference: {fileID: 0}
    - target: {fileID: 6003985779533533579, guid: 957fe4775b7453745896cb314cff8dff,
        type: 3}
      propertyPath: m_LocalEulerAnglesHint.y
      value: 0
      objectReference: {fileID: 0}
    - target: {fileID: 6003985779533533579, guid: 957fe4775b7453745896cb314cff8dff,
        type: 3}
      propertyPath: m_LocalEulerAnglesHint.z
      value: 0
      objectReference: {fileID: 0}
    m_RemovedComponents: []
  m_SourcePrefab: {fileID: 100100000, guid: 957fe4775b7453745896cb314cff8dff, type: 3}
--- !u!4 &644894978 stripped
Transform:
  m_CorrespondingSourceObject: {fileID: 6003985779533533579, guid: 957fe4775b7453745896cb314cff8dff,
    type: 3}
  m_PrefabInstance: {fileID: 644894977}
  m_PrefabAsset: {fileID: 0}
--- !u!1 &664024139
GameObject:
  m_ObjectHideFlags: 0
  m_CorrespondingSourceObject: {fileID: 0}
  m_PrefabInstance: {fileID: 826259837}
  m_PrefabAsset: {fileID: 0}
  serializedVersion: 6
  m_Component:
  - component: {fileID: 664024140}
  - component: {fileID: 826259840}
  m_Layer: 0
  m_Name: Missing Prefab (Dummy)
  m_TagString: Untagged
  m_Icon: {fileID: 0}
  m_NavMeshLayer: 0
  m_StaticEditorFlags: 0
  m_IsActive: 1
--- !u!4 &664024140
Transform:
  m_ObjectHideFlags: 0
  m_CorrespondingSourceObject: {fileID: 0}
  m_PrefabInstance: {fileID: 826259837}
  m_PrefabAsset: {fileID: 0}
  m_GameObject: {fileID: 664024139}
  m_LocalRotation: {x: 0, y: 0, z: 0, w: 1}
  m_LocalPosition: {x: 0, y: 0, z: 0}
  m_LocalScale: {x: 1, y: 1, z: 1}
  m_Children: []
  m_Father: {fileID: 826259838}
  m_RootOrder: 2
  m_LocalEulerAnglesHint: {x: 0, y: 0, z: 0}
--- !u!1 &770112619
GameObject:
  m_ObjectHideFlags: 0
  m_CorrespondingSourceObject: {fileID: 0}
  m_PrefabInstance: {fileID: 826259837}
  m_PrefabAsset: {fileID: 0}
  serializedVersion: 6
  m_Component:
  - component: {fileID: 770112620}
  m_Layer: 0
  m_Name: Missing Prefab (Dummy)
  m_TagString: Untagged
  m_Icon: {fileID: 0}
  m_NavMeshLayer: 0
  m_StaticEditorFlags: 0
  m_IsActive: 1
--- !u!4 &770112620
Transform:
  m_ObjectHideFlags: 0
  m_CorrespondingSourceObject: {fileID: 0}
  m_PrefabInstance: {fileID: 826259837}
  m_PrefabAsset: {fileID: 0}
  m_GameObject: {fileID: 770112619}
  m_LocalRotation: {x: 0, y: 0, z: 0, w: 1}
  m_LocalPosition: {x: 0, y: 0, z: 0}
  m_LocalScale: {x: 1, y: 1, z: 1}
  m_Children: []
  m_Father: {fileID: 826259838}
  m_RootOrder: 0
  m_LocalEulerAnglesHint: {x: 0, y: 0, z: 0}
--- !u!1 &804083395
GameObject:
  m_ObjectHideFlags: 0
  m_CorrespondingSourceObject: {fileID: 0}
  m_PrefabInstance: {fileID: 2002713532}
  m_PrefabAsset: {fileID: 0}
  serializedVersion: 6
  m_Component:
  - component: {fileID: 804083396}
  m_Layer: 0
  m_Name: Missing Prefab (Dummy)
  m_TagString: Untagged
  m_Icon: {fileID: 0}
  m_NavMeshLayer: 0
  m_StaticEditorFlags: 0
  m_IsActive: 1
--- !u!4 &804083396
Transform:
  m_ObjectHideFlags: 0
  m_CorrespondingSourceObject: {fileID: 0}
  m_PrefabInstance: {fileID: 2002713532}
  m_PrefabAsset: {fileID: 0}
  m_GameObject: {fileID: 804083395}
  m_LocalRotation: {x: 0, y: 0, z: 0, w: 1}
  m_LocalPosition: {x: 0, y: 0, z: 0}
  m_LocalScale: {x: 1, y: 1, z: 1}
  m_Children: []
  m_Father: {fileID: 2002713533}
  m_RootOrder: 0
  m_LocalEulerAnglesHint: {x: 0, y: 0, z: 0}
--- !u!1001 &826259837
PrefabInstance:
  m_ObjectHideFlags: 0
  serializedVersion: 2
  m_Modification:
    m_TransformParent: {fileID: 474951265}
    m_Modifications:
    - target: {fileID: 1260198976227173350, guid: 55e7f96b1d84e1b43873b5709257a326,
        type: 3}
      propertyPath: m_Name
      value: room_steampunk_end
      objectReference: {fileID: 0}
    - target: {fileID: 5770138075832617092, guid: 55e7f96b1d84e1b43873b5709257a326,
        type: 3}
      propertyPath: m_LocalPosition.x
      value: 0
      objectReference: {fileID: 0}
    - target: {fileID: 5770138075832617092, guid: 55e7f96b1d84e1b43873b5709257a326,
        type: 3}
      propertyPath: m_LocalPosition.y
      value: 0
      objectReference: {fileID: 0}
    - target: {fileID: 5770138075832617092, guid: 55e7f96b1d84e1b43873b5709257a326,
        type: 3}
      propertyPath: m_LocalPosition.z
      value: 0
      objectReference: {fileID: 0}
    - target: {fileID: 5770138075832617092, guid: 55e7f96b1d84e1b43873b5709257a326,
        type: 3}
      propertyPath: m_LocalRotation.x
      value: -0
      objectReference: {fileID: 0}
    - target: {fileID: 5770138075832617092, guid: 55e7f96b1d84e1b43873b5709257a326,
        type: 3}
      propertyPath: m_LocalRotation.y
      value: -0
      objectReference: {fileID: 0}
    - target: {fileID: 5770138075832617092, guid: 55e7f96b1d84e1b43873b5709257a326,
        type: 3}
      propertyPath: m_LocalRotation.z
      value: -0
      objectReference: {fileID: 0}
    - target: {fileID: 5770138075832617092, guid: 55e7f96b1d84e1b43873b5709257a326,
        type: 3}
      propertyPath: m_LocalRotation.w
      value: 1
      objectReference: {fileID: 0}
    - target: {fileID: 5770138075832617092, guid: 55e7f96b1d84e1b43873b5709257a326,
        type: 3}
      propertyPath: m_RootOrder
      value: 0
      objectReference: {fileID: 0}
    - target: {fileID: 5770138075832617092, guid: 55e7f96b1d84e1b43873b5709257a326,
        type: 3}
      propertyPath: m_LocalEulerAnglesHint.x
      value: 0
      objectReference: {fileID: 0}
    - target: {fileID: 5770138075832617092, guid: 55e7f96b1d84e1b43873b5709257a326,
        type: 3}
      propertyPath: m_LocalEulerAnglesHint.y
      value: 0
      objectReference: {fileID: 0}
    - target: {fileID: 5770138075832617092, guid: 55e7f96b1d84e1b43873b5709257a326,
        type: 3}
      propertyPath: m_LocalEulerAnglesHint.z
      value: 0
      objectReference: {fileID: 0}
    m_RemovedComponents: []
  m_SourcePrefab: {fileID: 100100000, guid: 55e7f96b1d84e1b43873b5709257a326, type: 3}
--- !u!4 &826259838
Transform:
  m_ObjectHideFlags: 0
  m_CorrespondingSourceObject: {fileID: 0}
  m_PrefabInstance: {fileID: 826259837}
  m_PrefabAsset: {fileID: 0}
  m_GameObject: {fileID: 1017684775}
  m_LocalRotation: {x: 0, y: 0, z: 0, w: 1}
  m_LocalPosition: {x: 0, y: 0, z: 0}
  m_LocalScale: {x: 1, y: 1, z: 1}
  m_Children:
  - {fileID: 770112620}
  - {fileID: 1254459788}
  - {fileID: 664024140}
  m_Father: {fileID: 474951265}
  m_RootOrder: 0
  m_LocalEulerAnglesHint: {x: 0, y: 0, z: 0}
--- !u!114 &826259839
MonoBehaviour:
  m_ObjectHideFlags: 0
  m_CorrespondingSourceObject: {fileID: 5870360626835234714, guid: 55e7f96b1d84e1b43873b5709257a326,
    type: 3}
  m_PrefabInstance: {fileID: 826259837}
  m_PrefabAsset: {fileID: 0}
  m_GameObject: {fileID: 1254459787}
  m_Enabled: 1
  m_EditorHideFlags: 0
  m_Script: {fileID: 11500000, guid: 7a5ac11cc976e418e8d13136b07e1f52, type: 3}
  m_Name: 
  m_EditorClassIdentifier: 
  m_AgentTypeID: 0
  m_CollectObjects: 0
  m_Size: {x: 10, y: 10, z: 10}
  m_Center: {x: 0, y: 2, z: 0}
  m_LayerMask:
    serializedVersion: 2
    m_Bits: 4294967295
  m_UseGeometry: 0
  m_DefaultArea: 0
  m_IgnoreNavMeshAgent: 1
  m_IgnoreNavMeshObstacle: 1
  m_OverrideTileSize: 0
  m_TileSize: 256
  m_OverrideVoxelSize: 0
  m_VoxelSize: 0.16666667
  m_BuildHeightMesh: 0
  m_NavMeshData: {fileID: 0}
--- !u!114 &826259840
MonoBehaviour:
  m_ObjectHideFlags: 0
  m_CorrespondingSourceObject: {fileID: 8561393110599442487, guid: 55e7f96b1d84e1b43873b5709257a326,
    type: 3}
  m_PrefabInstance: {fileID: 826259837}
  m_PrefabAsset: {fileID: 0}
  m_GameObject: {fileID: 664024139}
  m_Enabled: 1
  m_EditorHideFlags: 0
  m_Script: {fileID: 11500000, guid: 62fedf449a5d47540949bf8b07090a01, type: 3}
  m_Name: 
  m_EditorClassIdentifier: 
  doorways: []
  doorDirections: 
  MeshCollider: {fileID: 0}
  grailPedestal: {fileID: 0}
  spawnParticle: {fileID: 0}
  coordinates: 0000000000000000
  rotation: 1
  HideMe: {fileID: 0}
  grailSpawnLocation: {fileID: 0}
  grailRandomizer: {fileID: 0}
  enemySpawnSettings:
    enemySpawnPositionContainers: []
    enemySettings: {fileID: 0}
--- !u!1 &870754404
GameObject:
  m_ObjectHideFlags: 0
  m_CorrespondingSourceObject: {fileID: 0}
  m_PrefabInstance: {fileID: 2002713532}
  m_PrefabAsset: {fileID: 0}
  serializedVersion: 6
  m_Component:
  - component: {fileID: 2002713533}
  m_Layer: 0
  m_Name: room_steampunk_corridor06 (Missing Prefab)
  m_TagString: Untagged
  m_Icon: {fileID: 0}
  m_NavMeshLayer: 0
  m_StaticEditorFlags: 0
  m_IsActive: 1
--- !u!1 &1017684775
GameObject:
  m_ObjectHideFlags: 0
  m_CorrespondingSourceObject: {fileID: 0}
  m_PrefabInstance: {fileID: 826259837}
  m_PrefabAsset: {fileID: 0}
  serializedVersion: 6
  m_Component:
  - component: {fileID: 826259838}
  m_Layer: 0
  m_Name: room_steampunk_end (Missing Prefab)
  m_TagString: Untagged
  m_Icon: {fileID: 0}
  m_NavMeshLayer: 0
  m_StaticEditorFlags: 0
  m_IsActive: 1
--- !u!1001 &1055510168
PrefabInstance:
  m_ObjectHideFlags: 0
  serializedVersion: 2
  m_Modification:
    m_TransformParent: {fileID: 474951265}
    m_Modifications:
    - target: {fileID: 2973865466745872640, guid: a89ef45ce5bbc2242aaaf57d05b7bebd,
        type: 3}
      propertyPath: m_Name
      value: room_steampunk_corridor02
      objectReference: {fileID: 0}
    - target: {fileID: 2973865466745872641, guid: a89ef45ce5bbc2242aaaf57d05b7bebd,
        type: 3}
      propertyPath: m_LocalPosition.x
      value: 0
      objectReference: {fileID: 0}
    - target: {fileID: 2973865466745872641, guid: a89ef45ce5bbc2242aaaf57d05b7bebd,
        type: 3}
      propertyPath: m_LocalPosition.y
      value: 0
      objectReference: {fileID: 0}
    - target: {fileID: 2973865466745872641, guid: a89ef45ce5bbc2242aaaf57d05b7bebd,
        type: 3}
      propertyPath: m_LocalPosition.z
      value: 0
      objectReference: {fileID: 0}
    - target: {fileID: 2973865466745872641, guid: a89ef45ce5bbc2242aaaf57d05b7bebd,
        type: 3}
      propertyPath: m_LocalRotation.x
      value: 0
      objectReference: {fileID: 0}
    - target: {fileID: 2973865466745872641, guid: a89ef45ce5bbc2242aaaf57d05b7bebd,
        type: 3}
      propertyPath: m_LocalRotation.y
      value: 0
      objectReference: {fileID: 0}
    - target: {fileID: 2973865466745872641, guid: a89ef45ce5bbc2242aaaf57d05b7bebd,
        type: 3}
      propertyPath: m_LocalRotation.z
      value: 0
      objectReference: {fileID: 0}
    - target: {fileID: 2973865466745872641, guid: a89ef45ce5bbc2242aaaf57d05b7bebd,
        type: 3}
      propertyPath: m_LocalRotation.w
      value: 1
      objectReference: {fileID: 0}
    - target: {fileID: 2973865466745872641, guid: a89ef45ce5bbc2242aaaf57d05b7bebd,
        type: 3}
      propertyPath: m_RootOrder
      value: 3
      objectReference: {fileID: 0}
    - target: {fileID: 2973865466745872641, guid: a89ef45ce5bbc2242aaaf57d05b7bebd,
        type: 3}
      propertyPath: m_LocalEulerAnglesHint.x
      value: 0
      objectReference: {fileID: 0}
    - target: {fileID: 2973865466745872641, guid: a89ef45ce5bbc2242aaaf57d05b7bebd,
        type: 3}
      propertyPath: m_LocalEulerAnglesHint.y
      value: 0
      objectReference: {fileID: 0}
    - target: {fileID: 2973865466745872641, guid: a89ef45ce5bbc2242aaaf57d05b7bebd,
        type: 3}
      propertyPath: m_LocalEulerAnglesHint.z
      value: 0
      objectReference: {fileID: 0}
    m_RemovedComponents: []
  m_SourcePrefab: {fileID: 100100000, guid: a89ef45ce5bbc2242aaaf57d05b7bebd, type: 3}
--- !u!4 &1055510169 stripped
Transform:
  m_CorrespondingSourceObject: {fileID: 2973865466745872641, guid: a89ef45ce5bbc2242aaaf57d05b7bebd,
    type: 3}
  m_PrefabInstance: {fileID: 1055510168}
  m_PrefabAsset: {fileID: 0}
--- !u!1001 &1162242373
PrefabInstance:
  m_ObjectHideFlags: 0
  serializedVersion: 2
  m_Modification:
    m_TransformParent: {fileID: 474951265}
    m_Modifications:
    - target: {fileID: 2973865466745872640, guid: f5c4b675a6a060a41baeb3afc731a997,
        type: 3}
      propertyPath: m_Name
      value: room_steampunk_start
      objectReference: {fileID: 0}
    - target: {fileID: 2973865466745872641, guid: f5c4b675a6a060a41baeb3afc731a997,
        type: 3}
      propertyPath: m_LocalPosition.x
      value: 0
      objectReference: {fileID: 0}
    - target: {fileID: 2973865466745872641, guid: f5c4b675a6a060a41baeb3afc731a997,
        type: 3}
      propertyPath: m_LocalPosition.y
      value: 0
      objectReference: {fileID: 0}
    - target: {fileID: 2973865466745872641, guid: f5c4b675a6a060a41baeb3afc731a997,
        type: 3}
      propertyPath: m_LocalPosition.z
      value: 0
      objectReference: {fileID: 0}
    - target: {fileID: 2973865466745872641, guid: f5c4b675a6a060a41baeb3afc731a997,
        type: 3}
      propertyPath: m_LocalRotation.x
      value: 0
      objectReference: {fileID: 0}
    - target: {fileID: 2973865466745872641, guid: f5c4b675a6a060a41baeb3afc731a997,
        type: 3}
      propertyPath: m_LocalRotation.y
      value: 0
      objectReference: {fileID: 0}
    - target: {fileID: 2973865466745872641, guid: f5c4b675a6a060a41baeb3afc731a997,
        type: 3}
      propertyPath: m_LocalRotation.z
      value: 0
      objectReference: {fileID: 0}
    - target: {fileID: 2973865466745872641, guid: f5c4b675a6a060a41baeb3afc731a997,
        type: 3}
      propertyPath: m_LocalRotation.w
      value: 1
      objectReference: {fileID: 0}
    - target: {fileID: 2973865466745872641, guid: f5c4b675a6a060a41baeb3afc731a997,
        type: 3}
      propertyPath: m_RootOrder
      value: 1
      objectReference: {fileID: 0}
    - target: {fileID: 2973865466745872641, guid: f5c4b675a6a060a41baeb3afc731a997,
        type: 3}
      propertyPath: m_LocalEulerAnglesHint.x
      value: 0
      objectReference: {fileID: 0}
    - target: {fileID: 2973865466745872641, guid: f5c4b675a6a060a41baeb3afc731a997,
        type: 3}
      propertyPath: m_LocalEulerAnglesHint.y
      value: 0
      objectReference: {fileID: 0}
    - target: {fileID: 2973865466745872641, guid: f5c4b675a6a060a41baeb3afc731a997,
        type: 3}
      propertyPath: m_LocalEulerAnglesHint.z
      value: 0
      objectReference: {fileID: 0}
    m_RemovedComponents: []
  m_SourcePrefab: {fileID: 100100000, guid: f5c4b675a6a060a41baeb3afc731a997, type: 3}
--- !u!4 &1162242374 stripped
Transform:
  m_CorrespondingSourceObject: {fileID: 2973865466745872641, guid: f5c4b675a6a060a41baeb3afc731a997,
    type: 3}
  m_PrefabInstance: {fileID: 1162242373}
  m_PrefabAsset: {fileID: 0}
--- !u!1 &1254459787
GameObject:
  m_ObjectHideFlags: 0
  m_CorrespondingSourceObject: {fileID: 0}
  m_PrefabInstance: {fileID: 826259837}
  m_PrefabAsset: {fileID: 0}
  serializedVersion: 6
  m_Component:
  - component: {fileID: 1254459788}
  - component: {fileID: 826259839}
  m_Layer: 0
  m_Name: Missing Prefab (Dummy)
  m_TagString: Untagged
  m_Icon: {fileID: 0}
  m_NavMeshLayer: 0
  m_StaticEditorFlags: 0
  m_IsActive: 1
--- !u!4 &1254459788
Transform:
  m_ObjectHideFlags: 0
  m_CorrespondingSourceObject: {fileID: 0}
  m_PrefabInstance: {fileID: 826259837}
  m_PrefabAsset: {fileID: 0}
  m_GameObject: {fileID: 1254459787}
  m_LocalRotation: {x: 0, y: 0, z: 0, w: 1}
  m_LocalPosition: {x: 0, y: 0, z: 0}
  m_LocalScale: {x: 1, y: 1, z: 1}
  m_Children: []
  m_Father: {fileID: 826259838}
  m_RootOrder: 1
  m_LocalEulerAnglesHint: {x: 0, y: 0, z: 0}
--- !u!1 &1552861965
GameObject:
  m_ObjectHideFlags: 0
  m_CorrespondingSourceObject: {fileID: 0}
  m_PrefabInstance: {fileID: 2002713532}
  m_PrefabAsset: {fileID: 0}
  serializedVersion: 6
  m_Component:
  - component: {fileID: 1552861966}
  - component: {fileID: 2002713534}
  m_Layer: 0
  m_Name: Missing Prefab (Dummy)
  m_TagString: Untagged
  m_Icon: {fileID: 0}
  m_NavMeshLayer: 0
  m_StaticEditorFlags: 0
  m_IsActive: 1
--- !u!4 &1552861966
Transform:
  m_ObjectHideFlags: 0
  m_CorrespondingSourceObject: {fileID: 0}
  m_PrefabInstance: {fileID: 2002713532}
  m_PrefabAsset: {fileID: 0}
  m_GameObject: {fileID: 1552861965}
  m_LocalRotation: {x: 0, y: 0, z: 0, w: 1}
  m_LocalPosition: {x: 0, y: 0, z: 0}
  m_LocalScale: {x: 1, y: 1, z: 1}
  m_Children: []
  m_Father: {fileID: 2002713533}
  m_RootOrder: 1
  m_LocalEulerAnglesHint: {x: 0, y: 0, z: 0}
--- !u!1001 &1674822367
PrefabInstance:
  m_ObjectHideFlags: 0
  serializedVersion: 2
  m_Modification:
    m_TransformParent: {fileID: 474951265}
    m_Modifications:
    - target: {fileID: 2242210491662464276, guid: 793391de9cb44674e93e31444a467331,
        type: 3}
      propertyPath: m_Name
      value: room_steampunk_corridor04
      objectReference: {fileID: 0}
    - target: {fileID: 6003985779533533579, guid: 793391de9cb44674e93e31444a467331,
        type: 3}
      propertyPath: m_LocalPosition.x
      value: 0
      objectReference: {fileID: 0}
    - target: {fileID: 6003985779533533579, guid: 793391de9cb44674e93e31444a467331,
        type: 3}
      propertyPath: m_LocalPosition.y
      value: 0
      objectReference: {fileID: 0}
    - target: {fileID: 6003985779533533579, guid: 793391de9cb44674e93e31444a467331,
        type: 3}
      propertyPath: m_LocalPosition.z
      value: 0
      objectReference: {fileID: 0}
    - target: {fileID: 6003985779533533579, guid: 793391de9cb44674e93e31444a467331,
        type: 3}
      propertyPath: m_LocalRotation.x
      value: -0
      objectReference: {fileID: 0}
    - target: {fileID: 6003985779533533579, guid: 793391de9cb44674e93e31444a467331,
        type: 3}
      propertyPath: m_LocalRotation.y
      value: -0
      objectReference: {fileID: 0}
    - target: {fileID: 6003985779533533579, guid: 793391de9cb44674e93e31444a467331,
        type: 3}
      propertyPath: m_LocalRotation.z
      value: -0
      objectReference: {fileID: 0}
    - target: {fileID: 6003985779533533579, guid: 793391de9cb44674e93e31444a467331,
        type: 3}
      propertyPath: m_LocalRotation.w
      value: 1
      objectReference: {fileID: 0}
    - target: {fileID: 6003985779533533579, guid: 793391de9cb44674e93e31444a467331,
        type: 3}
      propertyPath: m_RootOrder
      value: 5
      objectReference: {fileID: 0}
    - target: {fileID: 6003985779533533579, guid: 793391de9cb44674e93e31444a467331,
        type: 3}
      propertyPath: m_LocalEulerAnglesHint.x
      value: 0
      objectReference: {fileID: 0}
    - target: {fileID: 6003985779533533579, guid: 793391de9cb44674e93e31444a467331,
        type: 3}
      propertyPath: m_LocalEulerAnglesHint.y
      value: 0
      objectReference: {fileID: 0}
    - target: {fileID: 6003985779533533579, guid: 793391de9cb44674e93e31444a467331,
        type: 3}
      propertyPath: m_LocalEulerAnglesHint.z
      value: 0
      objectReference: {fileID: 0}
    m_RemovedComponents: []
  m_SourcePrefab: {fileID: 100100000, guid: 793391de9cb44674e93e31444a467331, type: 3}
--- !u!4 &1674822368 stripped
Transform:
  m_CorrespondingSourceObject: {fileID: 6003985779533533579, guid: 793391de9cb44674e93e31444a467331,
    type: 3}
  m_PrefabInstance: {fileID: 1674822367}
  m_PrefabAsset: {fileID: 0}
--- !u!1001 &2002713532
PrefabInstance:
  m_ObjectHideFlags: 0
  serializedVersion: 2
  m_Modification:
    m_TransformParent: {fileID: 474951265}
    m_Modifications:
    - target: {fileID: 2242210491662464276, guid: ef96eab013fecf6448f5629d7613f987,
        type: 3}
      propertyPath: m_Name
      value: room_steampunk_corridor06
      objectReference: {fileID: 0}
    - target: {fileID: 6003985779533533579, guid: ef96eab013fecf6448f5629d7613f987,
        type: 3}
      propertyPath: m_LocalPosition.x
      value: 0
      objectReference: {fileID: 0}
    - target: {fileID: 6003985779533533579, guid: ef96eab013fecf6448f5629d7613f987,
        type: 3}
      propertyPath: m_LocalPosition.y
      value: 0
      objectReference: {fileID: 0}
    - target: {fileID: 6003985779533533579, guid: ef96eab013fecf6448f5629d7613f987,
        type: 3}
      propertyPath: m_LocalPosition.z
      value: 0
      objectReference: {fileID: 0}
    - target: {fileID: 6003985779533533579, guid: ef96eab013fecf6448f5629d7613f987,
        type: 3}
      propertyPath: m_LocalRotation.x
      value: -0
      objectReference: {fileID: 0}
    - target: {fileID: 6003985779533533579, guid: ef96eab013fecf6448f5629d7613f987,
        type: 3}
      propertyPath: m_LocalRotation.y
      value: -0
      objectReference: {fileID: 0}
    - target: {fileID: 6003985779533533579, guid: ef96eab013fecf6448f5629d7613f987,
        type: 3}
      propertyPath: m_LocalRotation.z
      value: -0
      objectReference: {fileID: 0}
    - target: {fileID: 6003985779533533579, guid: ef96eab013fecf6448f5629d7613f987,
        type: 3}
      propertyPath: m_LocalRotation.w
      value: 1
      objectReference: {fileID: 0}
    - target: {fileID: 6003985779533533579, guid: ef96eab013fecf6448f5629d7613f987,
        type: 3}
      propertyPath: m_RootOrder
      value: 7
      objectReference: {fileID: 0}
    - target: {fileID: 6003985779533533579, guid: ef96eab013fecf6448f5629d7613f987,
        type: 3}
      propertyPath: m_LocalEulerAnglesHint.x
      value: 0
      objectReference: {fileID: 0}
    - target: {fileID: 6003985779533533579, guid: ef96eab013fecf6448f5629d7613f987,
        type: 3}
      propertyPath: m_LocalEulerAnglesHint.y
      value: 0
      objectReference: {fileID: 0}
    - target: {fileID: 6003985779533533579, guid: ef96eab013fecf6448f5629d7613f987,
        type: 3}
      propertyPath: m_LocalEulerAnglesHint.z
      value: 0
      objectReference: {fileID: 0}
    m_RemovedComponents: []
  m_SourcePrefab: {fileID: 100100000, guid: ef96eab013fecf6448f5629d7613f987, type: 3}
--- !u!4 &2002713533
Transform:
  m_ObjectHideFlags: 0
  m_CorrespondingSourceObject: {fileID: 0}
  m_PrefabInstance: {fileID: 2002713532}
  m_PrefabAsset: {fileID: 0}
  m_GameObject: {fileID: 870754404}
  m_LocalRotation: {x: 0, y: 0, z: 0, w: 1}
  m_LocalPosition: {x: 0, y: 0, z: 0}
  m_LocalScale: {x: 1, y: 1, z: 1}
  m_Children:
  - {fileID: 804083396}
  - {fileID: 1552861966}
  - {fileID: 251443452}
  m_Father: {fileID: 474951265}
  m_RootOrder: 7
  m_LocalEulerAnglesHint: {x: 0, y: 0, z: 0}
--- !u!114 &2002713534
MonoBehaviour:
  m_ObjectHideFlags: 0
  m_CorrespondingSourceObject: {fileID: 5624587589673468107, guid: ef96eab013fecf6448f5629d7613f987,
    type: 3}
  m_PrefabInstance: {fileID: 2002713532}
  m_PrefabAsset: {fileID: 0}
  m_GameObject: {fileID: 1552861965}
  m_Enabled: 1
  m_EditorHideFlags: 0
  m_Script: {fileID: 11500000, guid: 7a5ac11cc976e418e8d13136b07e1f52, type: 3}
  m_Name: 
  m_EditorClassIdentifier: 
  m_AgentTypeID: 0
  m_CollectObjects: 0
  m_Size: {x: 10, y: 10, z: 10}
  m_Center: {x: 0, y: 2, z: 0}
  m_LayerMask:
    serializedVersion: 2
    m_Bits: 4294967295
  m_UseGeometry: 0
  m_DefaultArea: 0
  m_IgnoreNavMeshAgent: 1
  m_IgnoreNavMeshObstacle: 1
  m_OverrideTileSize: 0
  m_TileSize: 256
  m_OverrideVoxelSize: 0
  m_VoxelSize: 0.16666667
  m_BuildHeightMesh: 0
  m_NavMeshData: {fileID: 0}
--- !u!114 &2002713535
MonoBehaviour:
  m_ObjectHideFlags: 0
  m_CorrespondingSourceObject: {fileID: 823160844873444344, guid: ef96eab013fecf6448f5629d7613f987,
    type: 3}
  m_PrefabInstance: {fileID: 2002713532}
  m_PrefabAsset: {fileID: 0}
  m_GameObject: {fileID: 251443451}
  m_Enabled: 1
  m_EditorHideFlags: 0
  m_Script: {fileID: 11500000, guid: e3fc75c92465d764ebcbe69284b987a8, type: 3}
  m_Name: 
  m_EditorClassIdentifier: 
  doorways: []
  doorDirections: 
  MeshCollider: {fileID: 0}
  grailPedestal: {fileID: 0}
  spawnParticle: {fileID: 0}
  coordinates: 0000000000000000
  rotation: 1
  HideMe: {fileID: 0}
  grailSpawnLocation: {fileID: 0}
  grailRandomizer: {fileID: 0}
  enemySpawnSettings:
    enemySpawnPositionContainers: []
    enemySettings: {fileID: 0}
--- !u!1001 &2138602271
PrefabInstance:
  m_ObjectHideFlags: 0
  serializedVersion: 2
  m_Modification:
    m_TransformParent: {fileID: 474951265}
    m_Modifications:
    - target: {fileID: 1260198976227173350, guid: 41457ecb04cad5d4097a66d3479506ab,
        type: 3}
      propertyPath: m_Name
      value: room_steampunk_corridor01
      objectReference: {fileID: 0}
    - target: {fileID: 5770138075832617092, guid: 41457ecb04cad5d4097a66d3479506ab,
        type: 3}
      propertyPath: m_LocalPosition.x
      value: 0
      objectReference: {fileID: 0}
    - target: {fileID: 5770138075832617092, guid: 41457ecb04cad5d4097a66d3479506ab,
        type: 3}
      propertyPath: m_LocalPosition.y
      value: 0
      objectReference: {fileID: 0}
    - target: {fileID: 5770138075832617092, guid: 41457ecb04cad5d4097a66d3479506ab,
        type: 3}
      propertyPath: m_LocalPosition.z
      value: 0
      objectReference: {fileID: 0}
    - target: {fileID: 5770138075832617092, guid: 41457ecb04cad5d4097a66d3479506ab,
        type: 3}
      propertyPath: m_LocalRotation.x
      value: -0
      objectReference: {fileID: 0}
    - target: {fileID: 5770138075832617092, guid: 41457ecb04cad5d4097a66d3479506ab,
        type: 3}
      propertyPath: m_LocalRotation.y
      value: -0
      objectReference: {fileID: 0}
    - target: {fileID: 5770138075832617092, guid: 41457ecb04cad5d4097a66d3479506ab,
        type: 3}
      propertyPath: m_LocalRotation.z
      value: -0
      objectReference: {fileID: 0}
    - target: {fileID: 5770138075832617092, guid: 41457ecb04cad5d4097a66d3479506ab,
        type: 3}
      propertyPath: m_LocalRotation.w
      value: 1
      objectReference: {fileID: 0}
    - target: {fileID: 5770138075832617092, guid: 41457ecb04cad5d4097a66d3479506ab,
        type: 3}
      propertyPath: m_RootOrder
      value: 2
      objectReference: {fileID: 0}
    - target: {fileID: 5770138075832617092, guid: 41457ecb04cad5d4097a66d3479506ab,
        type: 3}
      propertyPath: m_LocalEulerAnglesHint.x
      value: 0
      objectReference: {fileID: 0}
    - target: {fileID: 5770138075832617092, guid: 41457ecb04cad5d4097a66d3479506ab,
        type: 3}
      propertyPath: m_LocalEulerAnglesHint.y
      value: 0
      objectReference: {fileID: 0}
    - target: {fileID: 5770138075832617092, guid: 41457ecb04cad5d4097a66d3479506ab,
        type: 3}
      propertyPath: m_LocalEulerAnglesHint.z
      value: 0
      objectReference: {fileID: 0}
    m_RemovedComponents: []
  m_SourcePrefab: {fileID: 100100000, guid: 41457ecb04cad5d4097a66d3479506ab, type: 3}
--- !u!4 &2138602272 stripped
Transform:
  m_CorrespondingSourceObject: {fileID: 5770138075832617092, guid: 41457ecb04cad5d4097a66d3479506ab,
    type: 3}
  m_PrefabInstance: {fileID: 2138602271}
  m_PrefabAsset: {fileID: 0}
--- !u!1001 &2535053059609085695
PrefabInstance:
  m_ObjectHideFlags: 0
  serializedVersion: 2
  m_Modification:
    m_TransformParent: {fileID: 0}
    m_Modifications:
    - target: {fileID: 2535053060192426021, guid: 6fc136c9f7bf77b4084336d3ddaf45a8,
        type: 3}
      propertyPath: m_Name
      value: FloatingTextCanvas
      objectReference: {fileID: 0}
    - target: {fileID: 2535053060192426017, guid: 6fc136c9f7bf77b4084336d3ddaf45a8,
        type: 3}
      propertyPath: m_LocalPosition.x
      value: 0
      objectReference: {fileID: 0}
    - target: {fileID: 2535053060192426017, guid: 6fc136c9f7bf77b4084336d3ddaf45a8,
        type: 3}
      propertyPath: m_LocalPosition.y
      value: 0
      objectReference: {fileID: 0}
    - target: {fileID: 2535053060192426017, guid: 6fc136c9f7bf77b4084336d3ddaf45a8,
        type: 3}
      propertyPath: m_LocalPosition.z
      value: 0
      objectReference: {fileID: 0}
    - target: {fileID: 2535053060192426017, guid: 6fc136c9f7bf77b4084336d3ddaf45a8,
        type: 3}
      propertyPath: m_LocalRotation.x
      value: 0
      objectReference: {fileID: 0}
    - target: {fileID: 2535053060192426017, guid: 6fc136c9f7bf77b4084336d3ddaf45a8,
        type: 3}
      propertyPath: m_LocalRotation.y
      value: 0
      objectReference: {fileID: 0}
    - target: {fileID: 2535053060192426017, guid: 6fc136c9f7bf77b4084336d3ddaf45a8,
        type: 3}
      propertyPath: m_LocalRotation.z
      value: 0
      objectReference: {fileID: 0}
    - target: {fileID: 2535053060192426017, guid: 6fc136c9f7bf77b4084336d3ddaf45a8,
        type: 3}
      propertyPath: m_LocalRotation.w
      value: 1
      objectReference: {fileID: 0}
    - target: {fileID: 2535053060192426017, guid: 6fc136c9f7bf77b4084336d3ddaf45a8,
        type: 3}
      propertyPath: m_RootOrder
      value: 7
      objectReference: {fileID: 0}
    - target: {fileID: 2535053060192426017, guid: 6fc136c9f7bf77b4084336d3ddaf45a8,
        type: 3}
      propertyPath: m_LocalEulerAnglesHint.x
      value: 0
      objectReference: {fileID: 0}
    - target: {fileID: 2535053060192426017, guid: 6fc136c9f7bf77b4084336d3ddaf45a8,
        type: 3}
      propertyPath: m_LocalEulerAnglesHint.y
      value: 0
      objectReference: {fileID: 0}
    - target: {fileID: 2535053060192426017, guid: 6fc136c9f7bf77b4084336d3ddaf45a8,
        type: 3}
      propertyPath: m_LocalEulerAnglesHint.z
      value: 0
      objectReference: {fileID: 0}
    - target: {fileID: 2535053060192426017, guid: 6fc136c9f7bf77b4084336d3ddaf45a8,
        type: 3}
      propertyPath: m_AnchoredPosition.x
      value: 0
      objectReference: {fileID: 0}
    - target: {fileID: 2535053060192426017, guid: 6fc136c9f7bf77b4084336d3ddaf45a8,
        type: 3}
      propertyPath: m_AnchoredPosition.y
      value: 0
      objectReference: {fileID: 0}
    - target: {fileID: 2535053060192426017, guid: 6fc136c9f7bf77b4084336d3ddaf45a8,
        type: 3}
      propertyPath: m_SizeDelta.x
      value: 0
      objectReference: {fileID: 0}
    - target: {fileID: 2535053060192426017, guid: 6fc136c9f7bf77b4084336d3ddaf45a8,
        type: 3}
      propertyPath: m_SizeDelta.y
      value: 0
      objectReference: {fileID: 0}
    - target: {fileID: 2535053060192426017, guid: 6fc136c9f7bf77b4084336d3ddaf45a8,
        type: 3}
      propertyPath: m_AnchorMin.x
      value: 0
      objectReference: {fileID: 0}
    - target: {fileID: 2535053060192426017, guid: 6fc136c9f7bf77b4084336d3ddaf45a8,
        type: 3}
      propertyPath: m_AnchorMin.y
      value: 0
      objectReference: {fileID: 0}
    - target: {fileID: 2535053060192426017, guid: 6fc136c9f7bf77b4084336d3ddaf45a8,
        type: 3}
      propertyPath: m_AnchorMax.x
      value: 0
      objectReference: {fileID: 0}
    - target: {fileID: 2535053060192426017, guid: 6fc136c9f7bf77b4084336d3ddaf45a8,
        type: 3}
      propertyPath: m_AnchorMax.y
      value: 0
      objectReference: {fileID: 0}
    - target: {fileID: 2535053060192426017, guid: 6fc136c9f7bf77b4084336d3ddaf45a8,
        type: 3}
      propertyPath: m_Pivot.x
      value: 0
      objectReference: {fileID: 0}
    - target: {fileID: 2535053060192426017, guid: 6fc136c9f7bf77b4084336d3ddaf45a8,
        type: 3}
      propertyPath: m_Pivot.y
      value: 0
      objectReference: {fileID: 0}
    m_RemovedComponents: []
  m_SourcePrefab: {fileID: 100100000, guid: 6fc136c9f7bf77b4084336d3ddaf45a8, type: 3}
--- !u!1001 &4145456182669287070
PrefabInstance:
  m_ObjectHideFlags: 0
  serializedVersion: 2
  m_Modification:
    m_TransformParent: {fileID: 0}
    m_Modifications:
    - target: {fileID: 4145456181750752218, guid: 0e2f956bb0fa4e94da84c53891f5eb90,
        type: 3}
      propertyPath: m_Name
      value: Minimap
      objectReference: {fileID: 0}
    - target: {fileID: 4145456181750752218, guid: 0e2f956bb0fa4e94da84c53891f5eb90,
        type: 3}
      propertyPath: m_IsActive
      value: 0
      objectReference: {fileID: 0}
    - target: {fileID: 4145456181750752214, guid: 0e2f956bb0fa4e94da84c53891f5eb90,
        type: 3}
      propertyPath: m_LocalPosition.x
      value: 0
      objectReference: {fileID: 0}
    - target: {fileID: 4145456181750752214, guid: 0e2f956bb0fa4e94da84c53891f5eb90,
        type: 3}
      propertyPath: m_LocalPosition.y
      value: 0
      objectReference: {fileID: 0}
    - target: {fileID: 4145456181750752214, guid: 0e2f956bb0fa4e94da84c53891f5eb90,
        type: 3}
      propertyPath: m_LocalPosition.z
      value: 0
      objectReference: {fileID: 0}
    - target: {fileID: 4145456181750752214, guid: 0e2f956bb0fa4e94da84c53891f5eb90,
        type: 3}
      propertyPath: m_LocalRotation.x
      value: 0
      objectReference: {fileID: 0}
    - target: {fileID: 4145456181750752214, guid: 0e2f956bb0fa4e94da84c53891f5eb90,
        type: 3}
      propertyPath: m_LocalRotation.y
      value: 0
      objectReference: {fileID: 0}
    - target: {fileID: 4145456181750752214, guid: 0e2f956bb0fa4e94da84c53891f5eb90,
        type: 3}
      propertyPath: m_LocalRotation.z
      value: 0
      objectReference: {fileID: 0}
    - target: {fileID: 4145456181750752214, guid: 0e2f956bb0fa4e94da84c53891f5eb90,
        type: 3}
      propertyPath: m_LocalRotation.w
      value: 1
      objectReference: {fileID: 0}
    - target: {fileID: 4145456181750752214, guid: 0e2f956bb0fa4e94da84c53891f5eb90,
        type: 3}
      propertyPath: m_RootOrder
      value: 5
      objectReference: {fileID: 0}
    - target: {fileID: 4145456181750752214, guid: 0e2f956bb0fa4e94da84c53891f5eb90,
        type: 3}
      propertyPath: m_LocalEulerAnglesHint.x
      value: 0
      objectReference: {fileID: 0}
    - target: {fileID: 4145456181750752214, guid: 0e2f956bb0fa4e94da84c53891f5eb90,
        type: 3}
      propertyPath: m_LocalEulerAnglesHint.y
      value: 0
      objectReference: {fileID: 0}
    - target: {fileID: 4145456181750752214, guid: 0e2f956bb0fa4e94da84c53891f5eb90,
        type: 3}
      propertyPath: m_LocalEulerAnglesHint.z
      value: 0
      objectReference: {fileID: 0}
    - target: {fileID: 4145456181750752214, guid: 0e2f956bb0fa4e94da84c53891f5eb90,
        type: 3}
      propertyPath: m_AnchoredPosition.x
      value: 0
      objectReference: {fileID: 0}
    - target: {fileID: 4145456181750752214, guid: 0e2f956bb0fa4e94da84c53891f5eb90,
        type: 3}
      propertyPath: m_AnchoredPosition.y
      value: 0
      objectReference: {fileID: 0}
    - target: {fileID: 4145456181750752214, guid: 0e2f956bb0fa4e94da84c53891f5eb90,
        type: 3}
      propertyPath: m_SizeDelta.x
      value: 0
      objectReference: {fileID: 0}
    - target: {fileID: 4145456181750752214, guid: 0e2f956bb0fa4e94da84c53891f5eb90,
        type: 3}
      propertyPath: m_SizeDelta.y
      value: 0
      objectReference: {fileID: 0}
    - target: {fileID: 4145456181750752214, guid: 0e2f956bb0fa4e94da84c53891f5eb90,
        type: 3}
      propertyPath: m_AnchorMin.x
      value: 0
      objectReference: {fileID: 0}
    - target: {fileID: 4145456181750752214, guid: 0e2f956bb0fa4e94da84c53891f5eb90,
        type: 3}
      propertyPath: m_AnchorMin.y
      value: 0
      objectReference: {fileID: 0}
    - target: {fileID: 4145456181750752214, guid: 0e2f956bb0fa4e94da84c53891f5eb90,
        type: 3}
      propertyPath: m_AnchorMax.x
      value: 0
      objectReference: {fileID: 0}
    - target: {fileID: 4145456181750752214, guid: 0e2f956bb0fa4e94da84c53891f5eb90,
        type: 3}
      propertyPath: m_AnchorMax.y
      value: 0
      objectReference: {fileID: 0}
    - target: {fileID: 4145456181750752214, guid: 0e2f956bb0fa4e94da84c53891f5eb90,
        type: 3}
      propertyPath: m_Pivot.x
      value: 0
      objectReference: {fileID: 0}
    - target: {fileID: 4145456181750752214, guid: 0e2f956bb0fa4e94da84c53891f5eb90,
        type: 3}
      propertyPath: m_Pivot.y
      value: 0
      objectReference: {fileID: 0}
    - target: {fileID: 4145456183583301713, guid: 0e2f956bb0fa4e94da84c53891f5eb90,
        type: 3}
      propertyPath: m_AnchoredPosition.x
      value: 650
      objectReference: {fileID: 0}
    - target: {fileID: 4145456183583301713, guid: 0e2f956bb0fa4e94da84c53891f5eb90,
        type: 3}
      propertyPath: m_AnchoredPosition.y
      value: 304
      objectReference: {fileID: 0}
    - target: {fileID: 4145456183583301713, guid: 0e2f956bb0fa4e94da84c53891f5eb90,
        type: 3}
      propertyPath: m_LocalScale.x
      value: 2.3339
      objectReference: {fileID: 0}
    - target: {fileID: 4145456183583301713, guid: 0e2f956bb0fa4e94da84c53891f5eb90,
        type: 3}
      propertyPath: m_LocalScale.y
      value: 2.3339
      objectReference: {fileID: 0}
    - target: {fileID: 4145456183583301713, guid: 0e2f956bb0fa4e94da84c53891f5eb90,
        type: 3}
      propertyPath: m_LocalScale.z
      value: 2.3339
      objectReference: {fileID: 0}
    m_RemovedComponents: []
  m_SourcePrefab: {fileID: 100100000, guid: 0e2f956bb0fa4e94da84c53891f5eb90, type: 3}
